4100 6209
91 299 143 359 325
699 294 812 356 urhun
831 294 1019 369 QUARTUS,
1042 295 1158 357 EPIST.
1180 297 1242 357 XV.
1796 299 1848 364 326

90 422 261 499 suppliciter
284 420 413 490 omacio,
429 420 533 493 pertice
558 434 625 495 quaa
651 420 771 494 roepisti,
788 421 884 494 planta
913 420 1047 484 iniibus
1066 422 1204 496 cingitur,
1227 421 1401 483 habitamus.
1424 422 1477 483 ills
1500 439 1567 498 crgo
1589 427 1679 499 porus
1697 441 1775 486 seras
1796 439 1849 501 ap·

90 513 174 570 horto
211 508 348 568 Ecclesiae
388 513 448 566 tum
484 506 636 566 surculum
650 550 659 581 ,
675 524 772 582 ,quem
801 509 839 567 ab
870 509 950 569 omni
993 512 1138 585 ponimus,
1161 512 1206 570 bis
1229 511 1382 586 repagula,
1404 519 1496 572 vectes
1521 528 1555 571 ac
1575 514 1705 588 pessulos
1729 515 1849 573 adhibe·

89 599 215 661 humaui
229 597 367 673 adjutorii
383 596 480 655 radice
493 598 660 671 precisum,
673 597 731 657 sub
745 599 848 658 umbro
863 599 951 657 misc·
994 618 1070 672 mus,
1083 616 1151 660 cum
1167 617 1305 661 sensuum
1325 609 1488 662 nostrornm
1502 602 1627 663 aditusa
1642 604 1720 663 uitiis
1735 607 1851 663 irruen-

91 689 224 748 ricordiae
249 693 307 747 tuae
328 687 541 760 absconditum,
559 686 632 745 mori
662 702 755 762 usque
781 690 866 748 modo
893 704 952 748 non
994 693 1071 750 tibus
1082 707 1115 749 ac
1127 690 1230 751 mundi
1244 691 1421 751 vanitatibus
1433 691 1554 750 sollicite
1565 694 1754 752 custodimus.
1767 693 1851 753 Tunc

92 777 262 853 permisisti,
289 792 326 835 ne
346 790 434 849 quem
461 781 520 834 tuae
545 773 659 848 pietatis
683 776 791 835 homor
815 777 852 836 ad
879 783 951 835 tem·
994 782 1073 840 enim
1097 788 1192 841 nostra
1214 782 1377 854 Pentapolis
1404 781 1560 840 incolumis
1583 783 1694 854 integra
1716 797 1850 856 perseve-

91 886 147 945 pus
161 873 268 939 servat,
279 876 368 930 aestus
382 867 567 940 postmodum
584 866 704 926 venicus
715 866 816 926 nimia
827 883 951 942 pauper-
993 879 1047 941 rat,
1061 886 1127 930 cum
1145 871 1206 930 suis
1226 876 1359 929 contenta
1382 869 1535 942 limitibus,
1549 886 1603 929 nec
1619 871 1656 929 ud
1671 872 1767 930 hostes
1786 871 1848 944 ipsa

94 958 160 1016 tatis
178 964 255 1018 urat.
277 954 331 1016 Sed
352 971 404 1014 cur
419 970 472 1029 ego
493 954 662 1030 magistrum
680 955 791 1015 doceo?
813 957 855 1015 sic
877 957 953 1016 circa
993 960 1151 1020 insolenter
1173 961 1330 1034 egreditur,
1347 975 1399 1018 nec
1418 961 1462 1017 eis
1485 961 1647 1034 irrumpere
1662 959 1851 1019 molientibus

92 1049 180 1108 illum
193 1054 300 1121 satage,
314 1047 513 1118 dilectissime,
531 1061 591 1105 uon
607 1053 639 1106 ut
652 1061 716 1104 mea
732 1045 856 1105 balbutit
869 1047 953 1120 iguo·
993 1052 1132 1125 aperitur,
1150 1058 1183 1110 ut
1209 1050 1343 1109 uidelicet
1366 1065 1449 1109 mens
1472 1057 1568 1109 nostra
1590 1051 1622 1109 iu
1648 1049 1753 1109 montis
1778 1048 1850 1107 Sion

92 1140 142 1202 ria
155 1147 263 1215 petere,
279 1139 329 1198 sed
343 1137 421 1196 sicut
435 1136 604 1197 acutissima
619 1143 666 1198 tua
678 1135 832 1212 prudentia
844 1138 952 1196 amma
993 1157 1058 1200 arce
1077 1142 1246 1211 consistens,
1260 1157 1329 1214 num
1353 1156 1470 1200 sursum
1496 1147 1566 1199 sunt
1588 1140 1708 1215 qhaemt,
1731 1155 1790 1198 nnn
1813 1137 1850 1197 ad

93 1227 300 1303 suaeprouidet
314 1227 462 1302 expedire.
993 1230 1119 1291 carnalis
1137 1231 1280 1290 illecebrae
1299 1232 1380 1289 fluxa
1398 1230 1560 1289 descendat.
1581 1230 1627 1289 Ad
1644 1228 1726 1288 illum
1745 1228 1850 1287 Hieru-

128 1317 171 1376 ue
199 1325 314 1387 caetero,
330 1316 526 1387 dilectissime,
542 1315 694 1390 ridequid
709 1331 787 1389 agas,
804 1317 954 1376 conmdera
993 1322 1094 1393 salem,
1109 1337 1176 1396 quae
1197 1335 1313 1379 sursum
1337 1325 1381 1378 est
1405 1319 1504 1392 libera,
1523 1325 1551 1378 et
1574 1324 1617 1376 est
1641 1325 1733 1376 mater
1755 1322 1852 1374 nosue

92 1406 131 1464 ad
144 1421 237 1482 quem
254 1406 344 1465 finem
360 1406 423 1464 haec
438 1413 487 1465 tua
501 1404 695 1479 tranquillitas
706 1405 811 1464 undat.
826 1406 849 1465 0
864 1421 953 1482 quam
994 1409 1130 1483 suspiret,
1147 1408 1229 1467 illam
1248 1424 1316 1468 vcro
1340 1423 1407 1481 nna
1431 1408 1614 1478 serviacum
1632 1405 1702 1464 liliis
1721 1404 1783 1464 suis
1800 1403 1852 1462 de·

94 1493 240 1553 miserum
263 1500 306 1552 est
328 1492 360 1551 in
384 1494 476 1567 huJus
501 1491 602 1553 saculi
628 1492 814 1567 prosperitate
841 1493 954 1554 modico
995 1496 1119 1574 spicieus
1142 1497 1241 1557 mlcet.
1262 1497 1401 1570 Alioquin
1430 1497 1511 1556 siin
1542 1495 1650 1554 uallem
1677 1495 1851 1567 silvestrem,

92 1591 227 1659 tempore
246 1584 354 1656 rivere,
373 1591 402 1642 et
422 1584 458 1643 ad
480 1585 584 1644 aeaerni
598 1583 676 1657 ignis
692 1583 861 1645 incendium
879 1600 954 1658 nuo
994 1603 1062 1661 quae
1087 1603 1166 1647 nunc
1183 1593 1226 1646 est
1252 1601 1331 1645 mare
1344 1586 1432 1658 salis,
1452 1585 1488 1644 ad
1513 1583 1771 1645 Gomorrhaeorum
1784 1595 1852 1656 pru·

94 1673 166 1732 tidie
181 1673 289 1733 clausis
314 1673 408 1733 oculis
430 1672 512 1736 velut
535 1673 567 1732 in
591 1672 690 1732 lectica
707 1676 833 1748 positum
850 1690 952 1749 prope·
994 1679 1143 1752 grediatur
1161 1677 1343 1753 exemplum,
1359 1678 1476 1750 hocest,
1494 1678 1518 1736 si
1537 1677 1726 1737 infructuose
1742 1675 1853 1734 uitaese

94 1766 181 1820 raret
211 1760 284 1831 Quis
310 1761 374 1834 scit,
401 1777 490 1836 quam
516 1761 678 1836 propinqua
704 1767 747 1822 est
774 1778 862 1834 mors,
886 1765 1027 1835 nuaeltin
1053 1767 1113 1825 ima
1140 1765 1263 1840 deficiat,
1291 1765 1316 1824 si
1345 1772 1467 1825 terrenus
1496 1765 1646 1850 sapientiae
1674 1761 1852 1836 salsuginem

95 1865 177 1910 nuuc
189 1849 347 1925 improuisa
362 1849 445 1910 velut
459 1851 491 1907 in
504 1848 619 1909 insidiis
633 1850 734 1921 latitat,
748 1865 837 1924 mam
856 1850 954 1911 brevis
998 1862 1119 1930 quaerat,
1135 1870 1205 1914 mox
1220 1855 1301 1914 hoste
1316 1855 1467 1914 uictoriam
1485 1854 1633 1913 obtinente
1651 1849 1851 1927 prosternatur,

93 1936 173 2007 vita,
202 1952 270 2010 quaa
292 1937 491 1998 lrauduleuter
511 1937 666 1996 blandiens
691 1953 834 2013 prospera·
853 1946 956 2000 cuncta
996 1942 1136 2018 quoniam
1150 1944 1289 2004 obseratis
1309 1944 1391 2004 urbis
1410 1944 1533 2020 propria
1549 1942 1695 2003 moenibus
1713 1955 1770 1998 non
1785 1954 1853 1997 mn·

95 2027 255 2086 ministrat.
270 2025 327 2087 Sed
344 2030 415 2103 quia
435 2027 513 2103 apud
531 2028 736 2102 sapientiorem
748 2028 814 2102 plus
833 2029 956 2088 forsitan
997 2035 1087 2093 nitur.
1103 2037 1146 2093 An
1169 2041 1265 2108 portae
1289 2035 1377 2110 huius
1400 2044 1506 2096 nostre
1527 2035 1653 2094 arietis
1668 2048 1725 2092 raon
1740 2033 1855 2091 obserat

93 2118 180 2176 raleo
205 2119 350 2190 precando
376 2133 466 2192 qaam
485 2118 681 2192 praedicando,
708 2117 825 2177 obsecro
853 2123 889 2187 te,
908 2118 954 2176 di·
995 2125 1145 2196 propbeta,
1166 2139 1235 2182 cam
1257 2123 1350 2182 dicit:
1373 2124 1459 2194 «Qui
1478 2124 1593 2183 obturat
1611 2137 1697 2182 aures
1720 2136 1798 2193 suus,
1815 2134 1852 2179 ne

91 2207 255 2268 lectissime
284 2214 365 2281 pater
387 2216 414 2267 et
440 2206 558 2268 domiue
572 2251 593 2280 ,‚
608 2224 660 2283 per
688 2209 789 2270 lesam
815 2208 955 2277 excitare,
995 2211 1094 2270 audim
1119 2213 1303 2285 sanguinem,
1317 2221 1347 2271 et
1364 2213 1472 2271 claudit
1494 2212 1602 2281 oculos,
1622 2228 1660 2270 ns
1679 2210 1775 2268 videat
1788 2222 1853 2266 ma·

93 2299 308 2374 expergiscere,
334 2298 450 2373 evigila,
472 2298 554 2372 aperi
579 2298 689 2368 oculos,
715 2298 823 2372 respice
836 2297 953 2370 crolum,
996 2301 1071 2372 lum,
1090 2301 1146 2361 iste
1165 2301 1195 2360 iu
1220 2303 1344 2360 excelsis
1366 2302 1528 2361 habitabit?
1542 2327 1556 2351 a
1574 2305 1652 2370 (lunt.
1669 2303 1781 2367 saxu.)
1805 2298 1854 2354 hu

92 2396 121 2448 et
140 2405 196 2464 per
219 2396 415 2448 momentana
440 2388 589 2448 illusionis
613 2388 761 2448 somnium
779 2405 838 2450 uon
853 2390 957 2464 perdas
995 2405 1056 2449 non
1081 2396 1108 2448 et
1131 2390 1274 2450 Dominus
1295 2398 1398 2466 gustus
1423 2391 1514 2450 nostri
1533 2391 1630 2449 munit
1646 2387 1770 2460 aditam,
1784 2402 1853 2446 cum

93 2477 311 2552 sempiternum
350 2493 427 2538 uerte
461 2477 652 2538 beatitudiuis
683 2479 847 2552 premium.
874 2478 956 2553 Rogo
995 2478 1087 2538 dicit:
1107 2480 1239 2539 «Cavete
1254 2487 1461 2553 degrassatur
1479 2480 1673 2539 cordavestra
1687 2477 1806 2552 crapuh
1824 2484 1853 2536 et

95 2567 189 2626 etiam
201 2567 237 2627 de
250 2564 421 2626 charissimo
439 2571 466 2626 et
485 2566 654 2626 dulcissimo
672 2566 759 2626 tratre
778 2566 903 2626 Heuricn
922 2572 956 2626 ut
995 2567 1157 2627 ebrietate?
1172 2572 1248 2638 (Luc.
1273 2574 1352 2638 xxi.)
1369 2594 1379 2621 ι
1398 2568 1439 2627 lle
1456 2569 1577 2629 odoratu
1599 2568 1669 2629 uero
1686 2566 1757 2626 dicit
1776 2568 1855 2639 Apo·

96 2672 171 2716 eum
194 2657 274 2731 apud
297 2663 325 2715 le
356 2656 435 2716 uelut
456 2655 661 2716 charissimum
688 2655 785 2716 lilium
805 2662 911 2727 teneas,
925 2661 956 2714 ct
996 2657 1109 2717 stolus:
1130 2684 1144 2709 «
1161 2659 1229 2732 nuta
1247 2659 1354 2718 Christi
1372 2659 1466 2718 bonus
1481 2659 1552 2718 odor
1567 2655 1739 2718 sumusDeo
1758 2655 1790 2713 iu
1806 2654 1854 2713 his

97 2759 232 2804 amorem
246 2744 305 2804 sihi
323 2749 450 2818 paternae
468 2744 616 2804 charitalis
633 2745 795 2819 impendas,
811 2752 955 2820 qmtenus
994 2744 1047 2819 qui
1071 2744 1146 2804 salvi
1173 2748 1251 2805 liunt
1276 2751 1316 2817 (ll
1341 2749 1400 2806 Gor.
1427 2752 1506 2816 11).»
1536 2748 1574 2804 At
1597 2752 1695 2805 contra
1716 2741 1852 2802 odoratus

96 2850 266 2909 numquam
275 2834 361 2894 illum
375 2834 955 2910 preconiilnudiuqueplacitamque-ude
995 2836 1043 2895 sui
1076 2836 1152 2894 male
1182 2835 1359 2910 spiramenta
1385 2835 1575 2904 laxaverant,
1605 2835 1657 2910 qni
1683 2830 1817 2891 dicebaut
1844 2850 1851 2892 :

96 2930 133 2991 te,
151 2938 330 2998 quecunque
344 2922 420 2993 ierit,
434 2924 542 2982 referre
561 2938 620 2983 uon
638 2929 738 2982 cessat.
754 2922 834 2982 Bene
847 2923 956 2996 valeas,
997 2924 1189 2998 «Unguentis
1210 2940 1265 2984 nos
1287 2926 1460 2999 impleamus
1482 2931 1511 2984 et
1533 2940 1592 2984 non
1613 2930 1764 2998 pretereat
1783 2918 1855 2981 128

97 3021 128 3071 et
149 3014 183 3071 iu
206 3013 297 3072 sacris
318 3011 497 3072 orationibus
518 3012 576 3073 tuis
591 3011 650 3071 mei
668 3013 825 3086 peccatoris
842 3028 954 3074 memo-
995 3028 1049 3073 nos
1074 3014 1129 3074 llos
1149 3015 1303 3089 temporis;
1325 3030 1498 3075 coronemus
1518 3028 1573 3072 uos
1602 3013 1674 3071 rosis
1697 3019 1855 3086 antequam

99 3108 175 3167 riam
189 3108 330 3182 deprecor
344 3107 503 3166 athabeas.
963 3109 1173 3191 emarcescant
1188 3107 1268 3176 (Sap.
1282 3113 1323 3174 11).
1345 3127 1358 3152 »
1384 3102 1489 3162 Tactus
1514 3116 1582 3160 uero
1607 3107 1704 3159 noste
1727 3099 1855 3174 idipsum

330 3202 541 3264 pppsrppp,
552 3205 578 3261 Α
627 3202 723 3262 ΧΠ,
996 3190 1081 3250 debet
1104 3190 1268 3250 desiderare
1291 3191 1369 3267 quod
1392 3198 1503 3265 gustus.
1518 3189 1592 3248 Nam
1615 3187 1692 3263 qnod
1716 3187 1857 3262 Propheta

388 3289 427 3336 hu
453 3287 483 3336 v.
501 3286 672 3334 uersuuruu.
996 3277 1086 3337 dicit:
1105 3303 1119 3328 «ι
1138 3279 1257 3339 (instate
1282 3286 1311 3338 et
1334 3279 1430 3339 uidete
1454 3294 1543 3353 quam
1563 3277 1662 3338 suavis
1686 3281 1730 3334 est
1754 3275 1856 3336 uom-

244 3351 376 3421 lflssbsslllr
401 3355 465 3405 11111·
480 3349 530 3412 ῙΠ)
546 3352 638 3418 mlle
656 3345 818 3420 1111111161
997 3382 1055 3427 nus
1077 3370 1306 3439 (Psot.xuxu1);
1330 3388 1341 3419 ι
1362 3367 1442 3425 idem
1465 3373 1495 3425 et
1512 3367 1638 3426 loannes
1654 3366 1719 3422 ait:
1744 3387 1756 3414 ι
1772 3362 1863 3433 Quod

354 3454 424 3512 127
439 3457 624 3519 EPISTULA
636 3457 698 3516 XV.
997 3471 1103 3515 manus
1138 3449 1246 3516 nostrae
1286 3461 1537 3515 contrectaverunt
1572 3455 1608 3513 de
1652 3451 1748 3511 Verbo
1786 3453 1856 3512 ritae

384 3543 424 3589 11)
445 3543 476 3590 V·
493 3542 664 3590 EPISGOPUM·
998 3548 1087 3615 (lona.
1115 3549 1187 3614 u).·
1217 3544 1280 3603 Hoc
1307 3559 1394 3617 porro
1419 3548 1579 3613 commen,
1607 3541 1686 3615 nunu
1713 3540 1856 3600 adrasus

102 3621 329 3679 ABGUMENTUM·
345 3649 380 3661 -
395 3618 530 3699 0111111111
557 3617 684 3692 1011111111
709 3633 825 3688 11111111,
849 3616 957 3744 {lilibus
997 3632 1131 3707 quinque
1152 3633 1279 3705 corporis
1300 3647 1403 3692 sensim
1426 3629 1546 3704 geritur,
1565 3645 1616 3704 per
1637 3629 1770 3704 quinque
1792 3628 1856 3687 Ma·

133 3688 956 3835 astariacensissalustracernua:
997 3720 1175 3781 aarum
1197 3735 1279 3794 ees
1302 3719 1424 3794 mee
1449 3718 1591 3792 uerae
1607 3736 1614 3775 =
1631 3737 1646 3771 «
1662 3718 1789 3788 omae
1807 3717 1855 3774 l·

129 3840 264 3903 ceantur,
288 3833 445 3907 prudenter
471 3831 617 3903 admonet,
638 3835 864 3907 episcopumque
887 3832 956 3890 hor·
997 3810 1062 3885 quit
1080 3808 1203 3884 M⁰l⁸e⁸r
1218 3825 1256 3867 11
1272 3807 1354 3868 robis
1374 3805 1451 3867 11101
1469 3807 1658 3880 1111811111,
1676 3805 1727 3879 qui
1745 3804 1857 3879 1111111111

133 3911 224 3975 tatur,
243 3913 286 3986 ut,
302 3920 362 3962 uon
387 3903 473 3964 modo
503 3904 565 3978 ipse
582 3903 639 3984 hoo
654 3909 780 3977 praestet,
800 3902 850 3961 sed
868 3902 958 3961 eham
998 3901 1140 3961 aldonem
1173 3899 1289 3960 Domini
1325 3905 1459 3973 expetere
1494 3893 1531 3956 de
1559 3896 1724 3956 bladiauitis
1759 3899 1854 3966 (Non.

134 3975 221 4048 alios,
236 3991 288 4103 plur
308 3991 370 4034 suaa
392 3990 471 4034 curae
494 3990 641 4034 commissi
663 3980 741 4046 sunt,
758 3974 835 4032 idem
862 3974 957 4032 lacere
997 3999 1099 4064 xm),
1117 4014 1129 4045 ,
1149 3992 1281 4066 Cumque
1301 3994 1480 4066 pugnassent
1501 3995 1602 4049 mum
1626 3987 1808 4057 pappum,
1823 3991 1857 4045 ut

133 4046 559 4191 utttttrtttttltlhh
572 4046 957 4192 hehttlllttttltitttt
997 4096 1079 4140 cres
1096 4087 1193 4139 „aar
1213 4079 1343 4152 esurio
1362 4085 1449 4154 suu
1476 4078 1622 4149 1111111
1637 4089 1737 4136 tenu
1761 4087 1857 4133 suu

133 4189 181 4261 tis,
192 4191 357 4260 antetatis,
368 4189 465 4247 habita
476 4190 596 4258 natione,
606 4188 666 4245 imo
680 4188 847 4268 utquisque
857 4187 958 4262 digna·
997 4170 1213 4229 011111111111111
1234 4185 1315 4243 legis
1336 4170 1530 4243 1011111111,
1552 4176 1582 4228 11
1602 4169 1718 4240 11111111,
1738 4172 1767 4225 11
1786 4165 1854 4239 Sul,

131 4263 214 4319 tione
226 4259 357 4318 maxime
368 4260 466 4333 anteit,
481 4259 663 4319 severissime
674 4260 892 4318 animadvertat.
997 4263 1025 4317 et
1039 4257 1109 4328 Bur,
1126 4264 1155 4316 et
1172 4256 1262 4327 Rebe,
1277 4259 1409 4334 quinque
1424 4258 1569 4332 principes
1582 4256 1686 4332 gentis.
1703 4253 1758 4314 Eri
1771 4255 1857 4330 mauu

133 4347 251 4408 Damno
280 4346 583 4406 erementanos
615 4345 769 4421 episcopo,
796 4352 824 4405 et
851 4346 956 4405 sanctis
999 4350 1157 4414 belluinus,
1181 4347 1244 4406 sive
1268 4352 1375 4418 [nanos
1401 4348 1615 4422 iuterpretatur.
1646 4345 1734 4403 Hunc
1757 4344 1857 4419 inque
1954 4343 1958 4352 '

99 4437 234 4495 molemus
252 4452 315 4496 suae
333 4435 626 4510 machinabimus
651 4441 781 4511 peccator
795 4435 1098 4538 monachusDregem
1121 4437 1152 4495 in
1182 4436 1267 4495 nobis
1298 4436 1441 4510 spirituali
1468 4451 1608 4497 mucrone
1636 4431 1855 4505 transfigimus,

95 4527 282 4586 seruitutem.
1002 4541 1070 4584 cum
1093 4526 1201 4585 fuluos
1223 4524 1342 4583 anobis
1365 4540 1461 4585 mores
1484 4523 1692 4593 abscindimus,
1715 4536 1783 4579 unm
1810 4521 1858 4578 be·

130 4615 169 4676 lu
204 4619 356 4691 procinctu
391 4617 525 4676 militaris
563 4615 707 4676 exercitus
734 4614 841 4673 idcirco
867 4612 954 4684 tuba,
1002 4615 1095 4674 stialis
1120 4614 1280 4675 iracundia
1303 4614 1443 4673 mhicma
1460 4620 1557 4672 nostro
1572 4619 1684 4686 pectore
1698 4610 1856 4668 detrunca-

94 4706 175 4777 litui,
200 4707 334 4767 buccinae
359 4714 387 4766 et
408 4707 526 4766 classica
553 4711 776 4780 comportantur,
796 4708 829 4762 ut
857 4717 959 4762 eorum
1002 4720 1080 4764 mus.
1097 4704 1170 4762 Nam
1189 4721 1256 4763 cum
1272 4703 1414 4763 Dominus
1432 4703 1526 4761 dicat:
1544 4701 1650 4759 «heri
1669 4700 1764 4769 miles,
1779 4711 1856 4769 ouo-

93 4796 286 4868 claugoribus
312 4803 469 4858 castrenses
492 4795 657 4854 excitentur
684 4793 816 4853 excubiae
838 4807 959 4866 seseqm
1001 4795 1080 4853 niam
1094 4794 1149 4869 ipsi
1163 4793 1351 4869 possidebunt
1363 4798 1468 4851 terram
1484 4793 1594 4862 (hatto
1611 4795 1641 4860 v)
1659 4784 1856 4861 ;anuomndo

98 4885 220 4944 ualeam
248 4886 357 4945 militm
379 4903 396 4944 a
417 4896 557 4945 nocturna
576 4884 689 4944 hostilis
709 4884 837 4957 impetus
858 4881 959 4940 incur·
1002 4881 1108 4956 poteris
1135 4890 1352 4942 mansuetorum
1381 4880 1511 4940 obtinere
1539 4876 1768 4943 beatitudinem,
1797 4870 1855 4930 nisi
1965 4953 1969 4961 ¹

98 4975 187 5035 sione
201 4976 329 5035 munire.
356 4974 415 5034 Nos
441 4975 538 5046 etiam,
559 4974 612 5048 qui
641 4974 672 5032 iu
696 4972 820 5032 coelestis
844 4970 959 5031 militie
1001 4972 1127 5035 belluini
1153 4974 1272 5048 spiritus
1298 4974 1330 5032 in
1356 4979 1383 5032 te
1406 4971 1539 5031 cohibeas
1568 4962 1731 5027 lerimtem'?
1750 4962 1855 5021 aecem

94 5079 207 5126 sumus
224 5072 402 5123 sacmmema
418 5064 517 5140 jurati,
538 5071 566 5121 et
580 5069 679 5123 contra
698 5059 801 5121 mnndi
816 5058 959 5134 principes
1001 5079 1080 5133 uero,
1097 5063 1159 5122 sine
1175 5063 1250 5124 sicut
1263 5063 1296 5121 in
1311 5062 1401 5121 neeri
1420 5057 1605 5120 nansiatione
1621 5055 1728 5113 dicitur
1745 5051 1855 5122 llocon,

93 5167 127 5210 uc
157 5152 329 5226 spirituales
356 5152 502 5227 nequitias
527 5152 559 5211 in
581 5151 657 5211 bella
680 5148 962 5224 congressimutuis
1002 5153 1210 5228 interpretatur
1232 5156 1367 5210 ιἰιωιιῗται.
1384 5151 1419 5209 Et
1438 5148 1508 5225 quid
1537 5152 1579 5205 est
1606 5143 1686 5203 aliud
1711 5137 1855 5215 quidquid

93 5258 150 5304 nos
167 5243 312 5304 debemus
332 5245 459 5304 excitare
483 5244 659 5304 clamoribus
684 5249 717 5303 ut
741 5257 801 5301 non
823 5240 959 5316 degeneri
1002 5243 1033 5301 in
1064 5242 1176 5302 mundo
1200 5258 1252 5316 pro
1278 5239 1383 5300 muudi
1411 5233 1644 5311 concupiscentia
1665 5231 1783 5305 geritur,
1798 5227 1857 5287 uisi

93 5349 208 5409 sapore
230 5334 380 5410 depressos
408 5343 566 5395 nocturnus
582 5332 734 5394 insidiator
754 5332 894 5404 inrenht,
909 5329 960 5389 sed
1003 5331 1083 5406 qnod
1098 5330 1248 5405 Scriptura
1277 5329 1430 5403 loquitar:
1455 5349 1466 5378 ι
1496 5323 1614 5383 Vanitas
1642 5320 1814 5388 sanitatum,
1829 5321 1859 5375 et

91 5433 215 5498 paratos
227 5438 393 5496 semperne
409 5429 558 5498 promptos
574 5424 607 5483 iu
623 5423 684 5483 acie
703 5422 849 5497 repedem
870 5417 959 5495 perti·
1003 5419 1102 5479 omnia
1124 5416 1260 5478 vanius?
1278 5443 1292 5467 n
1308 5418 1408 5489 (meh.
1424 5416 1458 5488 1.)
1472 5413 1590 5474 Vanitas
1609 5408 1756 5486 mquidem
1770 5404 1857 5466 efficit

99 5524 229 5577 meseat
242 5515 318 5576 Nam
342 5515 422 5576 velut
454 5516 484 5575 in
515 5515 649 5592 quiaque
672 5521 822 5591 porterum
844 5510 961 5572 civitate
1007 5509 1180 5580 radiantes,
1196 5507 1294 5582 stipsi
1308 5494 1857 5568 namunmecinntranitatemmum

98 5605 394 5678 ceommundum
411 5604 446 5665 ib
470 5619 598 5679 corpere,
617 5604 695 5680 quod
712 5602 847 5680 munuc
867 5599 971 5661 musi·.
1001 5602 1030 5658 et
1059 5597 1198 5669 manda,
1216 5597 1272 5672 nra·
1289 5594 1473 5655 tmnstorins
1490 5595 1545 5664 est,
1558 5589 1702 5660 hominm,
1717 5599 1792 5661 quos
1806 5583 1860 5642 de-
