4100 6209
22 927 24 954 l

22 1153 24 1204 l

22 1209 24 1256 l

112 343 158 402 tos
561 286 565 291 Ι
713 337 824 397 LiitER
844 332 1026 405 OCTAVUS,
1049 333 1165 394 EPIST.
1186 334 1250 397 XII.
1805 344 1859 403 486

112 468 205 524 berent
228 463 349 522 omnino
381 462 459 537 quod
487 463 613 533 ederent,
639 462 847 522 hebdomadam
878 459 1096 529 totarnAiZaett.
1112 464 1161 531 vt),
1177 483 1191 516 a
1209 461 1246 521 de
1267 464 1378 522 oriente
1397 465 1521 523 veniunt
1540 466 1592 538 qui
1618 482 1636 524 a
1657 467 1763 526 Christi
1788 484 1859 527 con-

111 557 169 612 sine
201 552 335 611 rictuaiis
359 552 508 610 alimoniae
534 552 716 625 perceptione
749 558 961 621 transegeraut3
1003 548 1091 608 sortio
1116 549 1191 608 malo
1213 551 1347 623 vivendo,
1368 554 1412 612 vei
1435 569 1585 628 proarrnos
1605 556 1859 625 lacerandarece-

110 643 306 715 currrqueiam
330 640 469 700 diuturna
492 648 706 698 macerarentur
731 640 891 707 mediano
925 640 964 696 ri·
1003 638 1085 697 duait.
1121 638 1251 698 Sennaar
1276 652 1373 701 autem
1400 644 1606 717 iuterpretatur
1636 649 1760 701 canesio
1790 648 1859 702 dea-

111 736 185 792 ribus
213 734 289 791 eden
310 732 446 806 longique
466 732 579 789 itineris
600 731 728 788 molestia
752 730 881 787 labetacti
902 729 963 801 iam
1005 732 1083 791 tiam,
1103 727 1165 786 site
1187 732 1259 797 fetor
1281 747 1391 790 eorum.
1418 732 1451 790 In
1478 749 1579 807 carupo
1606 735 1696 807 igitm
1728 733 1861 793 Sennaar

110 839 179 897 peno
211 823 374 888 delicerent,
400 837 504 896 eosque
539 829 673 879 nutantes
705 821 753 878 rix
787 821 963 893 lapsabunda
1006 817 1173 875 babitabant
1189 833 1239 891 qur
1264 833 1322 875 nou
1347 818 1493 877 constituti
1513 820 1542 876 in
1562 835 1626 878 arce
1642 821 1794 891 virtutum,
1810 821 1861 880 sed

108 911 225 985 vestigia
241 912 426 978 sustinerent,
444 926 508 967 ecco
520 913 600 967 canis
612 910 717 968 obrius
731 910 866 968 dentibus
881 925 962 966 mon·
1006 905 1100 978 potius
1117 905 1147 962 in
1165 905 1296 964 consalin
1319 907 1465 975 vitiorum,
1485 914 1513 965 et
1531 907 1631 965 dentes
1650 910 1814 981 excutiunt,
1830 916 1862 969 ut

108 999 318 1066 tiietrabebat,
341 999 447 1073 inquo
468 1000 550 1072 panis
571 998 649 1057 reiut
670 1000 700 1057 in
726 996 840 1062 sacculo
861 997 965 1055 latebat
1005 996 1154 1066 proximos
1166 1012 1233 1055 suos
1247 997 1473 1055 detractionibus
1486 997 1571 1070 quasi
1584 999 1731 1058 mordicus
1746 1002 1860 1076 rodant,

108 1092 264 1149 insolutas.
288 1090 378 1158 Quem
407 1105 508 1161 panem
532 1089 663 1163 protinus
688 1090 868 1163 arripientes,
884 1105 964 1148 ceum
1005 1090 1033 1140 et
1059 1084 1163 1142 fetores
1182 1085 1328 1156 emittunt,
1353 1086 1423 1145 dum
1444 1085 1474 1142 in
1495 1101 1619 1145 ematosa
1637 1090 1863 1148 corrnersationis

106 1180 261 1252 gratiarum
276 1180 437 1239 actionibus
450 1180 582 1239 alacriter
595 1198 625 1239 se
642 1182 848 1250 t·eiecerunt,et
862 1183 892 1240 iu
908 1186 965 1242 ior·
1004 1173 1190 1244 squaloribus
1206 1184 1457 1247 fflfflililltsssscussli
1477 1177 1526 1236 Sed
1545 1194 1647 1236 ⁰0t¹¹1¹i
1667 1178 1767 1239 dt‘ttlssss
1784 1181 1863 1240 Deus

22 1277 24 1334 i
108 1269 231 1328 titudine
255 1268 310 1327 cibi
338 1269 418 1326 iliius
447 1276 509 1327 octo
538 1270 651 1328 dierum
678 1272 731 1329 iter
756 1272 966 1332 incessabiliter
1004 1266 1187 1337 0¹11¹¹iil0¹0ns
1205 1268 1325 1337 fliium,
1345 1267 1415 1325 dum
1436 1284 1636 1341 perversorum
1663 1273 1863 1346 (iUOillffllibsst

106 1357 306 1429 expieverunt,
332 1358 522 1433 liupspmqup
546 1359 615 1416 dum
641 1361 817 1419 intolerabili
841 1372 966 1435 pogifflo.
1003 1360 1030 1411 dl
1052 1357 1124 1413 stitia
1149 1356 1236 1414 sintnl
1262 1366 1290 1415 di
1309 1359 1396 1416 verba
1412 1360 1573 1419 confundit.
1589 1360 1671 1419 Unde
1688 1372 1715 1420 t'l
1738 1363 1800 1421 illic
1821 1363 1863 1421 di·

22 1469 24 1490 ν
106 1450 176 1508 dum
200 1447 401 1506 cruciarentur
426 1448 532 1517 inedia,
563 1455 618 1508 tres
651 1451 776 1521 Agerent
804 1467 904 1511 eornm
935 1452 964 1510 in
1005 1443 1134 1501 citurzd
1150 1444 1259 1503 idcireo
1276 1454 1407 1504 voratum
1421 1455 1463 1505 est
1476 1462 1583 1506 nomen
1598 1448 1661 1521 ejus
1674 1449 1772 1519 babel,
1794 1450 1864 1525 quia

22 1561 24 1621 ᾗ
106 1537 210 1594 itinere
235 1536 301 1594 iacti
327 1543 395 1594 sunt
420 1537 555 1607 comites,
579 1537 709 1613 singulos
731 1555 818 1611 panes
842 1556 892 1612 pro
912 1557 966 1599 sna
1006 1531 1047 1590 ibi
1074 1535 1231 1593 ceritusnm
1256 1542 1298 1592 est
1320 1535 1432 1594 labium
1458 1537 1604 1595 urriversae
1626 1547 1718 1608 terrae,
1741 1547 1768 1595 et
1793 1538 1862 1596 iude
1935 1575 1940 1586 -

22 1673 24 1684 .
108 1624 218 1681 urium
248 1624 454 1682 sustentatione
489 1632 657 1698 portantes;
690 1627 742 1699 qni
777 1643 844 1685 cum
884 1635 965 1686 tracta
1007 1623 1140 1696 dispersit
1158 1638 1207 1681 ees
1229 1623 1371 1683 Dominus
1390 1641 1477 1698 super
1502 1626 1603 1683 taciem
1626 1634 1796 1685 cunctarum
1816 1642 1862 1684 re·

107 1713 273 1770 reiectionis
301 1713 370 1769 nora
395 1712 617 1779 discumberent,
643 1713 701 1772 duo
723 1715 843 1789 quidam
863 1734 899 1774 ex
923 1718 965 1775 eis
1007 1712 1127 1781 gionnrn
1146 1712 1223 1780 (Gen.
1244 1722 1297 1782 xi).
1315 1734 1328 1766 r
1345 1712 1430 1771 iteete
1449 1728 1517 1784 ergo
1538 1713 1645 1773 dicitnr
1659 1715 1728 1788 quia
1745 1714 1863 1788 superbi

22 1855 23 1864 ,
107 1804 143 1861 ita
165 1802 299 1877 proprios
318 1818 521 1876 consumpsere
540 1820 637 1877 panes,
655 1810 686 1860 ut
705 1803 875 1863 Christianis
895 1801 1052 1880 esu-giiii
1067 1803 1199 1861 bomines
1213 1820 1246 1862 ac
1262 1821 1345 1864 vanae
1360 1805 1461 1879 gioriae
1476 1812 1642 1877 captatores,
1658 1806 1798 1866 nimirum
1818 1807 1863 1865 di-

108 1891 255 1950 rientibus
280 1891 322 1947 nii
358 1891 473 1964 penitus
507 1892 703 1967 impertireut3
736 1894 835 1952 tertius
870 1903 967 1954 autem
1009 1902 1106 1951 centes
1121 1893 1154 1951 ad
1171 1893 1293 1951 aiterum
1312 1914 1317 1951 :
1336 1917 1350 1947 e
1371 1894 1484 1963 Venite,
1502 1893 1642 1953 iaciamus
1659 1896 1741 1953 uobis
1760 1896 1863 1955 civita-

22 2039 23 2042 ,
108 1995 209 2045 urtam,
229 1995 316 2053 qnam
333 1980 461 2053 portabat
479 1982 540 2053 ipse
558 1982 712 2051 bucellam,
732 1982 762 2040 in
782 1998 886 2042 uorem
906 1987 968 2042 iru-
1010 1987 1068 2038 torn
1089 1989 1117 2039 et
1142 1982 1256 2052 turrim,
1272 1983 1356 2055 cuius
1376 1981 1491 2039 cniuren
1516 1986 1658 2055 pertingat
1678 1982 1712 2041 ad
1734 1983 1860 2057 coeium;

22 2125 24 2142 ,
106 2074 146 2124 sta
174 2068 289 2135 divisit,
318 2077 344 2126 et
371 2086 429 2127 una
459 2070 599 2129 duntaxat
629 2072 689 2145 ipse
715 2079 875 2141 contentus,
906 2075 968 2132 siu-
1009 2075 1037 2127 et
1049 2070 1229 2140 celebremus
1248 2086 1353 2128 nomeu
1371 2076 1514 2141 nostrum,
1528 2078 1682 2145 antequam
1697 2072 1864 2134 dividamur

105 2157 184 2229 gulis
197 2159 250 2232 qui
270 2173 368 2217 secum
383 2166 464 2217 eraut
482 2158 652 2218 Christianis
670 2160 797 2234 aequales
817 2164 969 2233 particulas
1009 2158 1039 2216 in
1064 2158 1216 2217 universas
1241 2165 1331 2217 terras
1353 2160 1492 2237 tibid.);a
1514 2158 1717 2219 habitaverunt
1734 2163 1766 2219 in
1789 2170 1864 2222 terra

22 2243 24 2254 ’
106 2246 297 2305 ministravit.
318 2247 435 2306 Factum
462 2256 505 2307 est
522 2258 628 2323 postea,
652 2250 722 2307 dum
743 2249 831 2308 siruui
854 2251 968 2310 incede·
1011 2244 1149 2318 Sennaar,
1178 2247 1254 2320 qnod
1280 2249 1356 2321 apud
1381 2264 1445 2318 nos,
1465 2248 1540 2306 sicut
1568 2248 1677 2307 dictum
1703 2260 1755 2322 est,
1782 2260 1865 2311 sonat

104 2345 180 2405 rent,
207 2352 274 2395 eece
304 2338 400 2396 teones
423 2338 454 2396 in
479 2354 527 2397 eos
552 2339 684 2398 ferociter
709 2340 838 2403 irruunt,
861 2356 969 2412 eosque
1009 2336 1144 2395 excussio
1158 2337 1300 2407 dentium,
1311 2338 1356 2395 vei
1374 2339 1445 2396 ietor
1458 2353 1569 2407 eorum,
1583 2339 1720 2411 quoniam
1736 2341 1863 2413 perversi

105 2427 305 2499 potissimum,
322 2428 373 2500 qui
389 2444 477 2502 panes
492 2429 969 2505 soiiconsumpserant,signanter
1009 2428 1129 2502 quique,
1155 2429 1225 2488 dum
1250 2437 1348 2488 contra
1373 2428 1482 2487 diriuae
1508 2427 1577 2501 tegis
1603 2428 1737 2487 mandata
1764 2444 1865 2505 super·

104 2514 273 2588 invadunt3
300 2532 372 2591 quos
391 2517 470 2591 illico
488 2518 629 2597 violenter
647 2528 797 2594 arpaxant,
815 2530 843 2578 et
858 2521 969 2579 caeteris
1012 2519 1105 2588 biuut,
1131 2521 1202 2578 dum
1223 2521 1364 2579 adsersus
1384 2520 1477 2578 Deum
1498 2520 1639 2578 cervicem
1667 2520 1761 2579 cordis
1783 2538 1864 2581 arro·

104 2604 314 2675 erodentibus,
335 2605 401 2664 ilios
421 2604 617 2666 tantummodo
634 2609 800 2667 immaniter
818 2609 967 2667 devorant.
1009 2618 1112 2681 gauter
1126 2609 1262 2668 attollunt
1278 2616 1305 2667 et
1321 2609 1462 2684 proximis
1481 2625 1692 2685 nonnunquam
1711 2610 1865 2671 damnabi-

104 2690 152 2751 Sic
176 2693 333 2763 nimirum,
354 2694 394 2752 sic
413 2695 463 2769 qui
483 2695 536 2753 soti
556 2697 809 2766 manducaverant,
830 2697 882 2756 soti
901 2704 971 2755 sunt
1010 2697 1077 2755 iiter
1101 2698 1266 2768 detrabunt,
1283 2705 1311 2756 et
1330 2698 1382 2771 ipsi
1407 2696 1565 2769 proclivius
1587 2699 1618 2757 in
1641 2699 1774 2758 obscenae
1796 2701 1864 2761 vitae

104 2782 289 2851 manducati,
305 2788 334 2839 et
354 2783 405 2856 qui
423 2783 486 2839 siue
509 2784 647 2841 enaritate
669 2801 721 2842 sua
746 2784 900 2843 bestialiter
919 2785 971 2841 aii·
1010 2789 1194 2863 sterquilinio
1217 2790 1394 2849 volutantur.
1418 2789 1454 2846 Et
1481 2789 1516 2847 de
1544 2790 1718 2850 excussione
1745 2794 1864 2867 quidem

105 2882 207 2931 merita
232 2879 481 2946 consumpserant,
508 2874 691 2934 trementium
720 2875 877 2933 bestiarum
902 2883 970 2935 sunt
1010 2881 1143 2939 dantium
1163 2896 1214 2953 per
1231 2879 1324 2938 David
1343 2879 1471 2938 dicitur:
1489 2905 1503 2932 a
1520 2878 1564 2938 Tu
1579 2883 1745 2954 percussisti
1764 2898 1866 2943 omines

104 2961 295 3019 immanitate
313 2962 488 3035 consumpti.
505 2962 689 3021 Postmodum
709 2979 776 3020 nero
793 2980 844 3036 per
858 2964 970 3038 glareas
1010 2971 1196 3028 adversantes
1211 2969 1282 3026 mibi
1299 2969 1362 3026 siue
1375 2984 1471 3038 causa,
1486 2968 1585 3025 dentes
1599 2977 1779 3042 peccatorum
1795 2987 1865 3029 cou-

102 3051 214 3108 marini
254 3048 357 3107 littoris
394 3050 566 3122 gradientes,
603 3051 731 3111 enormis
759 3053 970 3131 magnitudinis
1012 3059 1116 3116 trivisti
1132 3062 1215 3125 (Psoi.
1234 3062 1294 3129 ut”;
1313 3080 1326 3111 n
1343 3065 1369 3114 et
1386 3056 1510 3115 aiibize
1527 3056 1603 3115 Deus
1624 3065 1750 3116 conteret
1768 3059 1867 3118 dentes

102 3143 214 3212 piscem
249 3141 407 3214 reperiunt,
436 3157 523 3212 quem
549 3142 682 3215 protinus
719 3142 819 3201 sabulo
856 3146 1868 3240 propterceoruminoreipsorum,moiasieonumconiringetDomi-

100 3232 234 3305 equites,
278 3245 349 3303 quos
387 3231 502 3289 eminus
537 3231 691 3289 adventare
726 3232 969 3305 contemplantur,
1013 3238 1166 3305 nnsipset.
1185 3234 1460 3303 evriaabefetore
1480 3250 1713 3308 quoqueeorum
1731 3236 1868 3309 propbeta

100 3323 304 3383 abscondunt.
321 3324 355 3381 iit
374 3324 416 3381 iiii
433 3326 549 3397 quidem
572 3325 689 3397 propius
708 3325 881 3391 accedentes,
899 3325 970 3382 dum
1010 3326 1086 3383 alius
1101 3324 1173 3383 293
1186 3326 1255 3383 dicit
1271 3345 1277 3383 z
1296 3348 1309 3377 e
1326 3325 1573 3396 ttonrputrneruet
1591 3323 1723 3396 jumenta
1740 3323 1771 3382 in
1793 3332 1868 3383 ster·

101 3424 256 3473 mentem
273 3422 484 3487 superaggestae
497 3418 602 3485 glareae
614 3415 796 3487 conspiciunt
812 3413 969 3485 tumulum,
1012 3428 1076 3470 core
1090 3429 1142 3471 suo
1156 3415 1230 3487 iicet.
1245 3415 1272 3482 ti.
1286 3434 1299 3463 »
1314 3412 1348 3468 iit
1363 3409 1451 3467 isaias
1465 3430 1471 3468 :
1485 3431 1497 3461 e
1511 3409 1582 3480 iirit,
1597 3410 1703 3485 inquit,
1719 3426 1770 3484 pro
1783 3411 1868 3469 suari

101 3506 183 3576 qaod
210 3519 260 3560 res
283 3510 352 3571 erat,
375 3503 504 3561 arbitrati
524 3509 594 3561 sunt
613 3503 733 3561 occultae
758 3504 909 3577 cuiusdam
929 3518 972 3560 re
1012 3496 1867 3570 odoretetorusa.111).»Entmver0quisqntsvettedideium

99 3591 267 3663 positionis
287 3607 343 3649 non
366 3592 463 3649 deesse
484 3593 665 3664 misterium.
686 3591 860 3664 Incipientes
882 3591 972 3657 igitur
1011 3590 1136 3648 corruere
1149 3592 1224 3662 quod
1236 3587 1319 3645 breite
1335 3586 1429 3645 ruinae
1443 3600 1500 3642 nou
1517 3584 1553 3642 sit
1567 3584 1741 3653 obnoxium,
1753 3601 1869 3645 neccsse

99 3682 225 3739 curiose
251 3679 361 3746 rimari,
385 3680 497 3737 tandem
521 3680 622 3737 divino
644 3686 717 3737 nutu
744 3680 879 3752 suspicati
904 3684 972 3736 sunt
1012 3689 1054 3738 est
1069 3697 1136 3738 eum
1152 3696 1210 3737 non
1224 3678 1327 3736 lateres
1342 3683 1369 3734 et
1383 3677 1514 3736 bitumen
1536 3674 1651 3745 babere,
1665 3689 1732 3746 quae
1751 3684 1869 3750 repente

98 3771 293 3844 sepulturam
317 3784 379 3828 esse
402 3770 541 3827 defuncti.
559 3766 631 3824 292
646 3767 750 3843 Sitque
771 3769 840 3825 dum
864 3768 907 3825 itii
927 3784 970 3824 re·
1012 3770 1168 3839 dissiliant,
1189 3768 1237 3825 sed
1266 3766 1375 3841 lapides
1397 3765 1492 3840 potius
1514 3780 1547 3821 ac
1566 3778 1645 3832 sara,
1662 3778 1728 3838 que
1746 3764 1869 3837 parietes

99 3858 282 3933 linquentes
295 3865 397 3932 crepta,
417 3858 578 3926 discedunt,
598 3856 644 3913 isti
659 3856 836 3913 defodientes
856 3850 971 3913 benedi·
1011 3860 1133 3931 erigant,
1152 3866 1180 3916 et
1198 3857 1284 3915 calcis
1313 3872 1346 3913 ac
1373 3855 1469 3913 sabuli
1487 3859 1675 3924 crementum,
1694 3854 1772 3927 quod
1791 3855 1870 3929 ipsos

96 3947 240 4006 ctionem
253 3946 347 4004 divini
359 3947 528 4006 munerisin
542 3946 736 4018 suaprotinus
749 3944 887 4025 alimenta
900 3959 971 4003 oon·
1011 3949 1134 4024 parietes
1165 3946 1304 4005 inviotata
1338 3944 1468 4019 tapidum
1506 3960 1644 4018 compage
1680 3945 1867 4021 constringat.

99 4041 279 4095 vertunt...
298 4036 366 4109 (ted)
1012 4039 1094 4109 Quod
1117 4054 1185 4110 ergo
1205 4039 1264 4111 iam
1286 4036 1354 4094 dicti
1377 4033 1531 4108 babylonii
1553 4033 1655 4091 lateres
1671 4048 1721 4105 pro
1735 4035 1824 4105 sanis,
1841 4044 1870 4095 et

420 4106 602 4165 EPISTOLA
615 4106 665 4164 Χῖ·
1013 4128 1147 4186 bitumen
1170 4126 1313 4193 trabebant
1334 4140 1385 4198 pro
1409 4128 1561 4194 cremento,
1588 4123 1712 4181 carnaiis
1737 4122 1805 4181 vitae
1828 4125 1869 4183 si·

352 4200 390 4245 ΑΒ
410 4200 493 4246 ms
513 4199 720 4246 “M'RENHNOS·
774 4278 778 4289 ,
802 4280 804 4285 ,
1012 4218 1152 4290 guiticant
1166 4217 1333 4283 edificium,
1349 4213 1385 4271 ad
1398 4212 1459 4270 vim
1476 4221 1643 4283 ventorum,
1660 4212 1705 4271 vel
1725 4213 1867 4287 impetum

277 4277 410 4347 (Ham
428 4283 492 4334 mm·
510 4280 551 4332 iii
562 4282 654 4346 ΜΨ
665 4291 757 4347 ‘W‘
773 4274 818 4343 3⁰)
1014 4306 1172 4365 dunriuum
1188 4303 1359 4378 quantocius
1378 4301 1570 4359 obruendum.
1588 4301 1679 4359 Urbes
1697 4302 1757 4360 iiim
1771 4302 1868 4362 taber-

403 4365 587 4425 EPISTOLA
612 4365 676 4423 ΧΠ·
1015 4397 1197 4464 necatorum,
1218 4410 1290 4469 quas
1317 4392 1428 4450 Pbarao
1453 4389 1514 4450 luto
1540 4391 1679 4466 paleaque
1705 4394 1871 4453 construxit

262 4460 303 4506 ΑΒ
322 4459 523 4505 Hffifflfflffl
548 4457 818 4504 SANCTfflON'ALEM'
948 4535 952 4543 ,
1017 4488 1114 4549 tjiiaed.
1129 4486 1163 4555 ti:
1183 4485 1325 4542 nimirum
1346 4481 1417 4547 into,
1439 4481 1514 4553 quod
1533 4481 1681 4554 inquinat;
1696 4480 1787 4555 palca,
1804 4497 1870 4555 quae

238 4550 243 4559 .
357 4569 390 4578 -
623 4550 631 4561 ,
676 4552 681 4563 .
739 4551 779 4574 .„
900 4550 911 4579 ς
957 4566 968 4576 ‚
1020 4552 1023 4558 .
1081 4575 1086 4587 ι

89 4534 1177 4678 ‘³ffi‘}⁸3¹3⁰3¹&OEisigdlgfflugoffiissglssltfflesf'flggssffff'vffll‘ifffl,Ddestruatur
1196 4573 1231 4630 ad
1254 4574 1396 4643 dammas,
1419 4573 1553 4631 Pbitbom
1578 4579 1605 4630 et
1629 4573 1780 4632 Ramesses
1802 4580 1872 4631 sunt

133 4696 304 4751 variisque
326 4694 473 4737 sacrarum
498 4678 656 4735 litterarum
684 4677 855 4734 testimoniis
878 4684 974 4734 osteu-
1017 4680 1075 4722 ⁰0¹¹
1089 4663 1152 4720 ⁸1⁰0
1165 4662 1303 4735 mi'SlssilO
1318 4670 1501 4734 nuncupatae.
1517 4660 1651 4718 Phillfflffl
1664 4657 1806 4731 siquidem
1823 4660 1871 4717 lss·

128 4752 181 4809 dit
198 4750 356 4821 superbia
368 4749 566 4808 turrdamentis
581 4751 699 4807 innixos
711 4752 767 4805 cito
781 4762 914 4805 corruere
1019 4757 1189 4824 terpretatur
1214 4766 1242 4806 os
1267 4751 1369 4818 abyssi,
1399 4748 1444 4806 vei
1480 4751 1579 4807 sedito.
1604 4747 1742 4820 Quisquis
1778 4748 1869 4819 enim,

130 4840 334 4898 Henntsisot
380 4838 591 4898 sanctitueniati
597 4882 650 4896 .....
692 4838 806 4895 Pennus
846 4845 976 4908 peccator
1015 4843 1100 4917 justa
1120 4840 1201 4898 Penii
1221 4838 1403 4908 sententiam,
1424 4850 1511 4909 supra
1537 4837 1770 4905 tundamentum,
1791 4836 1869 4908 quod

87 4932 281 4989 monachus
285 4974 340 4987 .....
1018 4937 1059 4989 est
1088 4928 1219 4987 Christus
1246 4927 1340 4996 iesus,
1372 4926 1461 4999 ligna,
1488 4928 1598 4992 tenuas,
1624 4925 1760 4997 stipulam
1790 4938 1871 4983 nunc

131 5044 143 5071 «
166 5016 975 5091 CumproticiscerenturdeOriente,inveneruntcrm·
1018 5017 1141 5076 nidificat
1172 5035 1177 5073 :
1204 5015 1292 5089 quale
1314 5019 1455 5087 cujusque
1475 5028 1547 5086 opus
1566 5012 1614 5083 sit,
1640 5012 1716 5085 ignis
1738 5011 1871 5085 probabit

85 5132 168 5189 puni
190 5115 232 5171 in
254 5104 327 5170 terra
348 5112 486 5182 Sennaar,
502 5121 530 5169 et
548 5111 749 5168 habitaverunt
768 5110 796 5166 iu
818 5125 869 5179 eo;
886 5109 975 5167 dinit-
1018 5110 1043 5179 it
1060 5109 1118 5164 Cor.
1138 5112 1177 5167 tul
1196 5128 1202 5162 ε
1220 5111 1247 5161 et
1261 5120 1320 5177 quo
1335 5103 1428 5175 magis
1443 5102 1473 5158 in
1491 5100 1581 5159 altum
1602 5102 1664 5159 baeo
1681 5100 1805 5158 carnaiis
1824 5100 1872 5159 tti-

83 5221 153 5279 qne
168 5204 263 5262 aiter
280 5203 314 5259 ad
331 5202 497 5275 proximum
515 5216 601 5259 suum
624 5225 629 5256 :
654 5199 764 5270 Venite,
782 5199 920 5257 iaciamus
940 5199 976 5255 ia·
1019 5204 1055 5252 tas
1077 5200 1219 5252 eductura
1242 5190 1430 5263 suberigitur.
1445 5188 1705 5286 tantolproctirins
1724 5188 1815 5248 reiuti
1838 5190 1871 5251 iu

82 5310 188 5369 rer-es,
222 5301 258 5350 et
282 5308 441 5366 coquamus
461 5309 509 5352 cos
529 5294 609 5361 igni3
631 5292 851 5364 habueruntque
873 5291 976 5348 lateres
1018 5282 1115 5355 abissi
1144 5282 1310 5351 voraginem
1341 5294 1443 5347 prena,
1477 5276 1573 5334 subito
1598 5276 1765 5348 dissipatur,
1792 5279 1871 5337 undo

83 5405 145 5464 pm
180 5383 291 5454 50:35,
322 5392 350 5441 et
375 5383 503 5442 bitumen
530 5400 582 5455 ppo
606 5390 748 5441 coefflgnio
781 5383 856 5449 (Gen,
878 5387 930 5449 xi),
961 5405 974 5432 a
1018 5371 1158 5442 seriptum
1186 5374 1250 5425 esi:
1270 5388 1282 5419 tt
1301 5366 1418 5423 Ducunt
1443 5364 1474 5421 in
1504 5363 1586 5423 bonis
1614 5363 1675 5422 dies
1698 5372 1820 5436 SUOS,0l
1841 5366 1871 5424 ii]

84 5481 195 5540 Porro
221 5480 328 5530 autem
347 5488 413 5530 cum
427 5470 560 5530 Christus
577 5489 642 5529 rere
657 5472 693 5528 sit
712 5470 823 5538 Oriens,
838 5471 977 5544 propbeta
1019 5469 1125 5535 puncto
1153 5460 1186 5516 ad
1222 5459 1337 5515 interna
1362 5455 1541 5514 descendunt
1564 5455 1621 5527 (lod
1645 5454 1718 5525 xxti.
1749 5475 1764 5507 e
1791 5453 1871 5513 Bene

82 5572 257 5633 testante,
275 5563 324 5636 qui
353 5562 394 5619 ait
416 5581 422 5620 ε
451 5584 462 5613 ι
491 5561 562 5620 Ecce
588 5561 634 5619 vir
656 5559 759 5619 Oriens
781 5574 887 5617 nomen
913 5558 977 5632 eius
1019 5568 1088 5623 ergo
1104 5551 1211 5608 dicitur
1230 5555 1258 5606 et
1280 5563 1312 5605 os
1337 5546 1444 5623 abyssi,
1458 5554 1487 5604 et
1508 5547 1613 5617 subito,
1635 5547 1705 5620 quia
1719 5547 1869 5609 decarne·

117 5665 213 5735 (rod)
229 5660 321 5725 Huius
332 5662 408 5726 epist.
420 5661 482 5712 tias
493 5662 662 5712 desideratur
676 5663 703 5710 tn
719 5672 770 5710 ms.
