4100 6209
252 343 300 399 aar
560 337 589 395 s.
612 334 721 394 rnrnr
743 333 902 393 nativam
923 331 1001 392 our¹
1025 287 1119 391 rins
1140 332 1211 392 sno
1231 333 1357 394 nouus
1377 335 1413 395 n
1435 367 1469 378 -
1489 334 1694 397 snnnuivss.
1917 353 1954 410 aa

253 464 326 525 dum
343 462 423 523 enim
438 459 528 519 dicit:
547 482 561 507 a
575 457 653 517 Misit
664 458 740 517 Deus
755 457 864 516 Filium
880 471 966 516 suunt
982 456 1011 514 in
1023 455 1143 516 sini-n
1187 457 1273 530 llioc,
1282 458 1477 527 iratresbinc,
1489 476 1566 532 rogo,
1576 463 1838 539 perpenditecuibus
1847 469 1955 530 laudibus

253 551 406 611 titudinem
434 547 529 608 earnis
552 547 669 623 peccati,
691 570 704 596 n
734 552 914 620 peccatorum
941 550 1104 602 nostrorum
1150 545 1238 620 digna
1259 547 1297 605 sit
1319 548 1401 606 beata
1417 556 1445 607 et
1465 548 1588 622 gloriosa
1614 550 1693 624 virgo
1709 549 1803 622 liaris,
1816 571 1874 629 ona
1891 558 1954 620 illun

254 639 465 713 susceptionem
503 636 655 695 manifeste
690 633 835 706 declarat;
864 649 952 708 cuam
982 631 1108 693 ostendit
1150 636 1234 695 nobis
1247 636 1283 695 de
1295 638 1464 697 castissimis
1476 640 1539 699 suis
1550 639 1705 699 visceribus
1717 642 1819 716 genuit
1829 647 1955 722 quinosde

254 728 424 799 Matthaeus,
450 740 516 785 cuna
545 724 744 784 descendendo
769 723 959 799 quadraginta
985 739 1108 798 genera·
1151 730 1207 784 tam
1221 724 1365 800 profundo
1377 734 1493 801 gutture
1506 728 1667 788 avidissimi
1680 732 1805 792 draconis
1815 732 1954 808 eripuitdd

254 820 345 881 tiones
365 826 527 879 enumerat.
542 816 614 878 ilum
638 833 706 877 vero
728 817 883 893 sequitur:
903 816 965 874 «Et
987 816 1023 874 de
1041 832 1108 891 pec·
1150 813 1213 887 eius
1233 829 1361 888 namque
1379 814 1467 888 digne
1487 815 1631 876 efferenda
1652 821 1790 892 preconia
1811 837 1860 881 non
1882 823 1954 885 rbeto

253 916 315 970 cato
341 909 491 969 damnavit
515 914 663 983 peceatum
694 908 725 966 in
752 923 849 980 carne,
870 932 883 956 »
911 907 1108 983 expiationem
1151 901 1277 961 ricorum
1296 902 1402 961 diserta
1417 902 1561 974 facundia,
1581 921 1638 966 non
1653 908 1852 968 dialecticorum
1865 912 1955 972 subtilia

254 1001 387 1059 omnium
412 1007 578 1059 nostrorum
599 998 757 1056 criminum
770 996 894 1069 indicat;
912 1012 999 1072 quam
1013 994 1109 1054 Lucas
1150 998 1331 1064 argumenta,
1350 1007 1407 1050 non
1433 993 1600 1053 acutissima
1616 995 1839 1072 pbilosophorum
1855 1007 1907 1074 apta
1921 1018 1955 1061 re·

252 1092 401 1166 exprimit,
413 1105 482 1150 cum
495 1089 676 1148 ascendendo
699 1090 880 1164 septuaginta
894 1096 1002 1163 septem
1018 1103 1108 1165 gene·
1149 1082 1304 1156 periuntur
1318 1083 1445 1160 ingenia.
1460 1084 1493 1142 nr
1505 1085 1577 1160 quid
1594 1086 1711 1158 mirum,
1726 1089 1749 1147 si
1765 1090 1822 1148 bac
1833 1090 1955 1153 ineffabilis

253 1179 379 1238 rationes
393 1177 538 1237 describit.
1151 1172 1239 1244 Virgo
1256 1173 1284 1231 in
1305 1172 1366 1231 suis
1380 1172 1515 1233 laudibus
1529 1177 1649 1235 modum
1666 1176 1798 1237 laumense
1809 1182 1877 1240 vocis
1888 1196 1955 1242 exsu-

289 1266 418 1327 Plurima
431 1266 550 1342 quidem
573 1266 736 1326 dilectionis
750 1271 863 1336 vestrm,
879 1264 982 1323 iratres
997 1263 1108 1322 cbaris·
1149 1267 1240 1334 perat,
1255 1276 1322 1319 cnm
1336 1268 1364 1319 et
1382 1261 1474 1335 ipsam
1488 1264 1603 1335 generis
1617 1265 1737 1325 bomani
1753 1273 1872 1327 naturam
1883 1272 1953 1330 excel·

252 1356 378 1429 simi,de
390 1355 511 1415 lectione
520 1355 774 1430 evangelicaque
786 1356 886 1414 multis
901 1353 1106 1428 mysteriorum
1150 1347 1272 1408 lentium
1298 1350 1467 1408 meritorum
1490 1351 1629 1426 dignitate
1652 1355 1839 1414 transcendat?
1851 1357 1901 1416 lion
1917 1358 1954 1417 de

251 1442 439 1503 sacramentis
468 1443 665 1517 engranus,
692 1458 841 1517 possemus
866 1456 1030 1516 exponere;
1058 1439 1107 1499 sed
1148 1437 1239 1511 nique
1266 1437 1529 1498 excellentissimus
1555 1441 1606 1499 ille
1632 1441 1845 1515 patriarcharum
1865 1447 1953 1519 clerus

250 1549 316 1593 eam
330 1533 437 1593 idcirco
456 1532 600 1592 succincte
620 1532 857 1603 transcurrimus,
887 1548 923 1591 ne
941 1547 985 1600 ea,
1001 1545 1107 1605 ouaea
1150 1541 1207 1584 non
1232 1526 1371 1600 providus
1399 1529 1605 1603 prophetarum
1633 1546 1787 1604 numerus,
1815 1549 1864 1592 non
1884 1534 1953 1608 judei

251 1621 409 1696 majoribus
433 1621 536 1680 nostris
555 1621 591 1680 de
607 1636 640 1680 ea
660 1621 746 1680 latius
765 1619 841 1680 dicta
860 1626 938 1692 sunt,
960 1618 1107 1694 superlluo
1148 1614 1343 1690 apostolorum
1367 1624 1494 1683 senatus,
1513 1632 1569 1677 non
1591 1627 1750 1694 martyrum
1774 1621 1852 1681 victor
1867 1624 1952 1682 exerei-

193 1775 197 1784 .
250 1718 377 1785 repetere
391 1709 553 1770 videamur.
569 1709 645 1769 Illud
656 1717 752 1769 autem
767 1724 861 1769 unum
877 1709 956 1768 inea
975 1699 1034 1767 non
1048 1713 1104 1766 tam
1149 1703 1688 1779 tus,nonationisantiquorum‚non
1707 1710 1847 1786 quisquam
1858 1724 1952 1784 nouen-

249 1799 320 1859 libet
343 1814 489 1874 exponere
511 1815 600 1875 quam
629 1799 738 1869 mirari,
755 1799 824 1874 quia
840 1814 962 1872 persona
979 1793 1104 1856 Redem-
1116 1790 1222 1869 Btium
1241 1791 1359 1850 Patrum
1379 1792 1448 1852 buie
1471 1792 1647 1853 beatissimae
1663 1793 1771 1870 Virgini
1790 1797 1877 1872 poterit
1894 1813 1952 1856 ron·

248 1890 338 1965 ptoris
351 1888 442 1948 nostri
456 1888 497 1948 sie
512 1889 541 1947 in
563 1889 622 1947 line
641 1888 731 1963 liujus
750 1885 917 1962 propaginis
930 1886 1058 1961 ponitur,
1072 1900 1106 1945 ae
1148 1881 1253 1954 parari.
1281 1881 1356 1951 Quid
1377 1883 1456 1942 enim
1483 1884 1654 1954 sanctitatis,
1679 1887 1747 1962 quid
1767 1886 1880 1961 justitia,
1900 1888 1950 1963 quid

246 1978 272 2036 si
285 1978 391 2037 bamus
404 1977 436 2035 in
450 1976 631 2036 extremitate
648 1975 733 2034 lineas
752 1974 959 2034 subnectatur:
973 1973 1105 2033 sinordi—
1147 1968 1306 2045 religionis,
1325 1970 1395 2045 qnid
1421 1971 1607 2046 perfectionis
1630 1974 1767 2049 singulari
1792 1977 1850 2037 buic
1870 1977 1952 2052 Virgini

248 2075 314 2127 nate
325 2066 442 2127 additur
454 2066 640 2141 genealogiae,
656 2066 732 2125 sicut
746 2066 852 2125 bamus
868 2064 1016 2139 productas
1028 2065 1104 2122 inse·
1147 2060 1246 2120 deesse
1269 2061 1373 2136 potuit,
1396 2078 1463 2137 quaa
1481 2064 1572 2123 totius
1593 2064 1703 2124 divinae
1717 2066 1809 2140 gratiae
1822 2069 1952 2126 rbarisnate

247 2156 322 2216 nitur
343 2155 439 2214 lineae.
456 2156 528 2214 dum
553 2153 631 2213 enim
654 2153 785 2213 dicitur:
808 2153 982 2211 «Abrabam
1005 2151 1106 2225 genuit
1147 2151 1233 2228 plena
1248 2151 1327 2211 tuit?
1347 2151 1394 2212 Sic
1410 2169 1537 2227 namque
1551 2153 1589 2213 ab
1605 2157 1717 2230 angelo,
1735 2157 1799 2217 dum
1812 2157 1951 2224 eluuntur,

245 2245 424 2319 lsaac,lsaac
434 2252 532 2305 autem
545 2245 647 2320 genuit
659 2243 758 2316 Jacob,
771 2265 784 2294 ι
795 2250 823 2302 et
832 2244 929 2302 caeteri
944 2243 1104 2318 progenito·
1148 2242 1276 2302 audivit:
1294 2244 1486 2317 utvegratia
1500 2242 1596 2319 plena,
1609 2246 1749 2306 Dominus
1759 2255 1841 2306 tecum
1850 2249 1949 2318 (bnt).-

248 2352 293 2396 res
303 2337 348 2395 bis
358 2342 560 2406 numerantur,
569 2334 653 2409 quasi
667 2333 762 2393 litium
774 2332 992 2403 lilioinseritur‚
1002 2338 1036 2391 ut
1046 2347 1105 2391 una
1147 2331 1239 2404 Quod,
1257 2347 1335 2406 rogo,
1354 2334 1469 2407 vitium,
1485 2334 1517 2393 in
1539 2334 1603 2409 ejus
1621 2343 1726 2406 mente,
1744 2337 1786 2396 vel
1798 2335 1950 2412 corporatio·

247 2439 283 2483 ex
303 2423 436 2500 pluribus
459 2423 490 2482 in
513 2423 633 2496 longum
649 2420 726 2478 linea
742 2420 927 2494 producatur.
943 2419 1016 2479 Cum
1036 2435 1105 2478 vero
1147 2423 1244 2482 dicare
1262 2423 1316 2481 sibi
1338 2423 1430 2498 potuit
1447 2425 1556 2498 locum,
1571 2442 1643 2501 qua
1661 2424 1696 2485 ad
1712 2426 1798 2486 instar
1809 2425 1873 2496 aab,
1884 2423 1950 2499 pleni·

247 2511 462 2586 subjungitur:
482 2534 496 2563 a
514 2509 603 2570 iacob
626 2513 725 2568 autem
750 2507 853 2583 genuit
874 2507 979 2580 losepb
1005 2509 1103 2567 virum
1147 2508 1258 2570 tudinis
1285 2511 1373 2570 totius
1399 2512 1562 2571 divinitatis
1590 2515 1700 2572 meruit
1729 2528 1787 2573 esse
1810 2512 1949 2573 mnam?

246 2599 357 2673 blariae,
374 2599 410 2658 de
424 2614 482 2674 qua
498 2604 583 2657 natus
598 2601 640 2656 est
652 2596 747 2663 lesus,
766 2595 818 2670 qui
836 2603 954 2655 vocatur
972 2595 1104 2656 Christus
1148 2621 1161 2648 α
1176 2597 1209 2657 In
1226 2598 1339 2658 Cbristo
1354 2620 1368 2652 a
1383 2600 1472 2670 enim,
1487 2601 1561 2661 sicut
1575 2617 1630 2675 per
1648 2600 1767 2661 Paulum
1781 2602 1870 2661 dicitur
1880 2620 1886 2672 ς
1898 2600 1949 2657 «ba-

244 2691 357 2762 (Mottb.
374 2693 414 2758 r);
433 2710 443 2739 ι
460 2702 518 2747 non
531 2687 590 2760 jam
612 2685 755 2752 directim,
770 2684 818 2744 sed
834 2685 917 2762 quasi
932 2701 970 2743 ex
984 2685 1104 2760 obliquo
1145 2686 1218 2747 bitat
1240 2688 1337 2748 omnis
1361 2688 1511 2763 plenitudo
1538 2688 1701 2750 divinitatis
1725 2690 1885 2768 corporaliter
1902 2686 1948 2760 (td.

245 2777 351 2835 hamus
364 2773 531 2849 apponitur,
545 2774 595 2847 qui
608 2772 722 2848 antiqui
738 2772 821 2833 illius
834 2773 995 2832 Leviatban
1011 2774 1103 2833 lauci·
1145 2778 1196 2849 111).
1213 2802 1226 2825 n
1244 2778 1303 2837 Nec
1318 2777 1436 2847 mirum,
1450 2778 1475 2838 si
1493 2785 1667 2839 cunctorum
1695 2782 1789 2841 merita
1814 2777 1948 2839 tmusoendat

245 2865 303 2924 bus
320 2864 469 2938 inligatur.
489 2862 567 2921 llinc
585 2862 721 2938 estquod
738 2862 907 2922 adbeatum
925 2862 981 2922 lob
1001 2863 1103 2923 Domi·
1145 2863 1324 2935 mortalium,
1344 2879 1411 2939 quae
1433 2870 1462 2924 et
1487 2865 1550 2939 ipsa
1575 2867 1776 2941 superexcedit
1795 2863 1947 2925 celsitudinem

244 2968 301 3013 nus
323 2950 455 3026 loquitur
476 2950 596 3009 dicens:
625 2975 636 3000 a
659 2946 799 3024 Nunquid
822 2951 917 3026 capies
940 2945 1115 3010 Leviatban'
1144 2954 1325 3026 angelorum.

244 3041 359 3101 barno?
386 3062 401 3098 n
432 3042 489 3115 (too
523 3041 583 3115 nn.)
611 3037 672 3099 Per
692 3040 854 3100 Leviatban
888 3041 1019 3117 quippe,
1050 3042 1102 3119 qui
1180 3042 1234 3103 Per
1251 3043 1418 3104 hancenim
1434 3043 1635 3105 beatissimam
1655 3041 1946 3121 Virginem,nonsolun

244 3133 463 3189 additamentum
489 3146 581 3186 eoram
607 3128 737 3199 dicitur,
766 3136 846 3189 cetus
873 3130 922 3189 ille
951 3130 1102 3190 devorator
1111 3137 1250 3229 Camissa
1276 3137 1347 3197 olim
1374 3138 1434 3198 vita
1463 3138 1636 3202 bominibus
1664 3141 1802 3211 redditur,
1825 3139 1865 3199 sed
1887 3137 1946 3197 edan

243 3222 367 3281 humani
382 3221 496 3296 generis
507 3219 686 3294 designatur,
703 3219 755 3296 qui
774 3220 845 3279 dum
867 3236 897 3279 se
915 3219 1098 3280 divinitatem
1141 3224 1287 3285 beatitudo
1310 3227 1450 3301 angelicae
1474 3227 1665 3290 sublimitatis
1681 3236 1804 3306 augetur,
1821 3228 1883 3305 quia,
1897 3225 1945 3285 dun

242 3309 358 3370 bomini
382 3307 489 3367 addere
515 3306 680 3383 spopondit,
709 3307 956 3367 immortalitatem
982 3307 1100 3367 sustulit
1141 3317 1229 3376 homo
1251 3317 1288 3376 ae
1314 3334 1441 3393 superna
1460 3320 1623 3395 reducitur,
1647 3322 1760 3385 sporum
1783 3315 1945 3390 numerand

243 3402 396 3473 (oen.111);
413 3399 465 3474 qui
478 3399 856 3474 praevaricationisouopue
867 3399 996 3474 culpam,
1011 3414 1100 3474 quam
1141 3405 1305 3466 diminutus
1329 3408 1433 3480 iuerat,
1455 3418 1617 3484 reparatur.
1633 3412 1694 3472 Hoc
1713 3428 1808 3487 nempe
1822 3408 1945 3482 angelorum

242 3489 337 3565 primo
356 3487 469 3548 bomini
485 3487 660 3563 propinavit,
679 3487 748 3547 dum
773 3503 804 3546 se
825 3487 1015 3562 mouentibus
1035 3503 1100 3561 pes·
1141 3494 1299 3554 multitudo
1312 3495 1363 3554 illa
1373 3498 1537 3573 signaverat
1552 3515 1623 3575 quae
1640 3493 1945 3577 pastortomaudientiis

242 3579 317 3637 sima
329 3579 517 3651 persuasione
539 3577 723 3651 multiplicat,
740 3592 840 3652 poenas
858 3578 900 3636 eis
919 3575 984 3636 sinc
1004 3592 1100 3642 cessa·
1141 3584 1173 3644 in
1193 3584 1395 3660 uedernptoris
1413 3588 1502 3646 nostri
1525 3589 1678 3650 nativitate
1691 3591 1820 3650 clamabat
1833 3607 1839 3646 ι
1853 3608 1862 3639 ι
1876 3579 1943 3643 ubis
1975 3641 1976 3650 ,

243 3667 321 3726 tione
344 3673 502 3726 coacervat.
528 3666 563 3725 ln
590 3666 677 3726 bamo
702 3675 801 3726 autem
835 3682 900 3727 esca
926 3666 1099 3740 ostenditur,
1140 3671 1172 3731 in
1192 3673 1316 3732 excelsis
1338 3672 1408 3746 lieo,
1435 3681 1462 3733 et
1484 3675 1514 3734 in
1544 3683 1620 3737 terra
1643 3695 1697 3753 pax
1722 3677 1869 3740 bominibus
1886 3671 1945 3730 bona
1974 3731 1975 3742 ,

242 3754 361 3815 eculeus
374 3754 546 3815 occullatur·
1140 3763 1299 3824 voluntatis
1314 3770 1390 3836 (luc.
1409 3773 1452 3833 ιι).
1473 3788 1484 3818 ι
1500 3767 1573 3827 tium
1587 3770 1669 3829 enim
1694 3771 1771 3844 prius
1786 3757 1943 3834 dempsi
1973 3773 1974 3776 ’

276 3846 363 3906 Hunc
377 3860 445 3920 ergo
469 3845 552 3904 Pater
569 3845 754 3920 omnipotens
770 3846 857 3905 laamo
878 3846 964 3922 cepit,
979 3845 1050 3922 quia
1064 3847 1101 3905 ad
1141 3869 1203 3913 esse
1228 3854 1287 3914 Deo
1302 3855 1333 3913 in
1346 3856 1480 3929 excelsis,
1496 3856 1604 3917 deinde
1625 3859 1740 3920 additus
1750 3865 1776 3918 et
1785 3858 1812 3917 jn
1828 3861 1885 3915 nm
1895 3861 1942 3923 pes.

241 3945 363 3997 mortem
377 3937 462 3997 illius
477 3935 664 4011 unigenitum
679 3933 790 3994 Filium
802 3936 987 4003 incarnatum
1008 3936 1099 4007 misit,
1141 3948 1272 4017 patenter
1295 3945 1458 4005 ostenditur
1476 3945 1545 4020 quta
1561 3946 1719 4007 ineffabilis
1736 3947 1885 4006 intemerate
1897 3934 1941 3992 Vir·

241 4027 272 4085 in
292 4041 350 4103 quo
370 4033 398 4085 et
421 4039 487 4083 caro
508 4023 656 4099 passibilis
683 4023 776 4083 videri
800 4031 905 4099 posset,
919 4030 948 4082 et
961 4022 1101 4082 divinitas
1141 4032 1218 4107 ginis
1232 4038 1331 4107 partus
1346 4048 1404 4092 non
1428 4032 1525 4093 solum
1544 4035 1642 4109 terris,
1657 4037 1707 4096 sed
1720 4044 1748 4095 et
1760 4034 1822 4110 ipsis
1832 4021 1940 4090 nibilomi-

241 4113 429 4189 impassibilis
444 4112 536 4171 videri
550 4127 609 4171 non
623 4117 726 4185 posset.
735 4113 867 4186 dumque
880 4113 911 4171 in
930 4127 965 4171 eo
983 4126 1101 4186 serpens
1142 4135 1199 4180 nus
1218 4121 1375 4194 generabat
1397 4122 1536 4196 gaudium
1551 4124 1644 4183 coelis.
1660 4124 1809 4184 Henetiam
1821 4119 1862 4179 itu
1874 4115 1940 4173 beate

241 4202 296 4261 iste
316 4218 368 4277 per
391 4217 497 4261 manus
521 4200 758 4274 persequentium
780 4216 875 4260 escam
894 4200 1021 4275 corperis
1042 4216 1102 4259 mo-
1142 4223 1207 4267 rum
1231 4224 1389 4282 puerorum
1415 4209 1534 4269 indoles
1553 4213 1708 4286 asserebat,
1724 4211 1781 4290 qui,
1795 4195 1940 4268 ventuosi

241 4293 358 4362 mordit,
378 4290 539 4349 divinitatis
563 4291 648 4348 illum
675 4290 794 4349 aculeus
818 4292 985 4366 perforavit.
1013 4290 1101 4350 Prius
1142 4296 1305 4369 passionem
1332 4297 1466 4363 Domino.
1481 4302 1616 4361 concordi
1639 4286 1938 4363 emunctuosis·

242 4395 310 4440 vero
325 4395 392 4438 eum
407 4381 438 4438 in
456 4378 603 4438 miraculis
619 4379 711 4438 Deum
730 4386 914 4455 cognoverat,
932 4381 981 4439 sed
1001 4381 1037 4439 de
1052 4397 1100 4440 co·
1141 4400 1233 4444 sanna
1256 4385 1286 4444 in
1312 4387 1445 4447 excelsis.
1464 4387 1649 4462 Benedictus,
1665 4393 1716 4469 qui
1736 4388 1808 4450 veuit
1821 4385 1847 4446 in
1859 4374 1939 4442 nouis

241 4469 372 4545 gnitione
390 4470 427 4529 ad
446 4470 656 4529 dubitationem
675 4470 789 4543 cecidit,
803 4471 922 4545 quando
938 4472 1018 4531 bunc
1037 4488 1100 4546 pas·
1142 4473 1257 4533 Domini
1274 4478 1384 4547 tuaest.
1399 4488 1475 4543 xxiv.
1492 4501 1505 4526 a

239 4562 355 4623 sibilem
376 4557 449 4616 234
473 4559 556 4619 vidit.
571 4559 657 4631 Quasi
679 4560 784 4620 bamus
799 4577 867 4635 ergo
886 4562 983 4623 fauces
998 4532 1134 4636 degli-⁰
1180 4562 1203 4623 0
1227 4564 1400 4625 mirabiliter
1426 4568 1550 4628 fecunda
1577 4569 1752 4645 virginitas,
1775 4580 1834 4643 oue
1853 4569 1906 4620 novo
1919 4554 1938 4607 et

242 4651 340 4720 eiectis
369 4652 472 4722 tenuit,
502 4649 573 4708 dum
602 4648 633 4707 in
659 4648 711 4709 illo
740 4665 804 4709 esca
835 4651 933 4709 earnis
957 4651 1100 4724 apparuit,
1144 4651 1275 4711 inaudito
1303 4654 1445 4714 miraculo
1470 4662 1498 4715 et
1525 4659 1620 4734 mater
1651 4658 1709 4718 dici
1734 4639 1937 4732 amittere*

136 4801 141 4806 ,
241 4754 329 4814 quam
358 4737 509 4796 devorator
538 4741 703 4811 appeteret,
736 4744 765 4796 et
791 4736 930 4797 divinitas
958 4738 1102 4814 passionis
1144 4741 1200 4813 Qui
1216 4749 1273 4804 tote
1289 4746 1399 4806 mundo
1417 4762 1475 4806 non
1495 4748 1620 4823 eapitur,
1638 4749 1743 4825 puellas
1756 4745 1868 4817 innupte
1878 4740 1940 4792 neti·

243 4835 370 4901 tempore
390 4825 754 4900 latuit,quaenecaret.ln
773 4826 941 4901 lramoejus
966 4826 1101 4886 incarna-
1143 4832 1204 4892 bris
1236 4835 1413 4897 infunditur.
1452 4837 1599 4898 sentiebat
1625 4840 1743 4914 quidem
1769 4831 1833 4891 286
1855 4819 1941 4901 pondes

243 4914 331 4974 tionis
352 4920 452 4989 captus
477 4921 529 4986 est,
546 4912 627 4989 quia,
640 4912 711 4972 dum
737 4913 767 4971 in
791 4911 842 4971 illo
863 4913 983 4989 appetiit
1006 4931 1100 4974 escam
1144 4924 1253 4983 ventris
1271 4942 1336 5000 ouae
1351 4926 1492 5000 pudorem
1515 4943 1574 4987 non
1593 4929 1730 4987 amiserat
1746 4917 1872 4984 eastitatis
1883 4907 1940 4968 liin*

241 5002 380 5079 corperis,
396 5003 553 5062 translixus
568 5010 609 5062 est
635 5004 735 5062 aculeo
750 5002 921 5062 divinitatis.
936 5003 980 5062 lbi
995 5004 1101 5078 quippe
1145 5011 1228 5072 batur
1247 5021 1347 5087 partus
1366 5015 1574 5091 insigniaque)
1592 5017 1676 5076 nulla
1692 5017 1802 5077 noventt
1820 5002 1939 5086 viricoott·

243 5095 337 5153 inerat
363 5092 540 5164 humanitas,
557 5107 623 5167 quae
645 5091 681 5150 ad
696 5107 727 5150 se
742 5092 938 5151 devoratorem
961 5092 1098 5165 duceret;
1143 5099 1190 5174 gia
1215 5100 1282 5161 Erat
1305 5119 1370 5178 spes
1387 5105 1417 5163 jn
1431 5111 1525 5179 penu,
1541 5121 1607 5164 cum
1624 5121 1682 5164 non
1701 5103 1794 5163 tulna
1809 5093 1911 5164 voluptas
1919 5091 1937 5135 n

244 5180 286 5240 ibi
310 5180 460 5250 divinitas,
482 5196 549 5255 ouae
569 5181 725 5255 perforaret
740 5203 747 5252 ;
762 5179 803 5239 ibi
820 5188 918 5255 aperta
932 5181 1098 5252 infirmius,
1143 5188 1230 5248 coitu.
1255 5189 1436 5252 Immensum
1457 5194 1597 5267 concepit,
1620 5199 1759 5253 aeternum
1780 5166 1936 5259 punitati·

245 5285 312 5343 quae
337 5277 521 5344 provocaret;
544 5269 585 5328 ibi
610 5268 721 5329 occulta
756 5270 949 5345 virtusque
977 5269 1100 5345 raptoris
1143 5281 1205 5336 tum
1222 5284 1287 5338 ante
1300 5280 1408 5340 meula
1420 5280 1584 5355 parturivit.
1598 5280 1656 5352 Qui
1670 5279 1724 5339 sibi
1736 5284 1762 5338 et
1774 5263 1936 5334 mundatori·

244 5357 341 5417 lauces
365 5356 605 5431 transligeranis
630 5358 717 5417 banio
735 5357 825 5432 igitur
843 5364 944 5433 raptus
961 5361 1014 5428 est,
1031 5358 1101 5434 quia
1141 5366 1240 5428 ditatis
1261 5368 1360 5430 attulit
1385 5379 1550 5444 conceptus,
1574 5374 1601 5430 et
1624 5372 1711 5430 decus
1733 5354 1881 5441 virginitatis
1899 5353 1935 5403 ⁰⁰⁰

246 5442 315 5504 inde
338 5446 448 5505 interiit
475 5447 552 5506 unde
579 5446 745 5521 momordit,
761 5456 789 5507 et
811 5463 884 5524 ques
899 5446 966 5522 J'ure
986 5446 1100 5504 tenebat
1141 5456 1260 5517 abstulit
1295 5465 1391 5519 natus.
1428 5459 1484 5529 Qui
1518 5469 1674 5533 antennam
1706 5457 1861 5518 nasceretur,
1879 5435 1934 5497 edes

246 5537 380 5597 mortales
402 5537 544 5613 perdidit,
560 5537 628 5614 quia
642 5539 758 5612 eos,in
774 5555 847 5616 quos
857 5540 907 5616 jus
922 5551 982 5597 non
997 5537 1100 5598 babuit
1140 5546 1248 5607 creavit
1269 5556 1391 5621 camut
1409 5549 1470 5622 ipse
1490 5547 1578 5625 digne
1595 5546 1677 5608 nasei
1696 5517 1933 5621 pontiscursi

244 5626 354 5701 mortis.
369 5627 544 5705 appeterem
559 5631 651 5689 morte
666 5629 862 5705 presumpsit.
1139 5653 1197 5713 qua
1217 5639 1354 5712 propriora
1369 5638 1461 5701 nanu
1474 5639 1566 5716 multe
1579 5643 1647 5700 ane
1661 5636 1837 5716 padre&
1851 5647 1861 5675 ·
1874 5616 1933 5678 ¹²¹⁸
