4100 6209
218 293 276 355 'dib
532 288 562 346 S.
574 285 675 345 Pstssl
689 285 830 344 blumbi
847 285 923 358 ott.
936 283 1029 343 Pttts
1047 282 1113 340 sbti
1132 282 1294 344 totbsll.
1314 314 1349 327 ·-
1368 284 1561 352 suduodis.
1784 285 1841 346 m

222 417 288 473 ergo
301 416 382 473 quam
408 399 487 471 longa
512 398 642 470 patientia
660 396 696 453 sit
711 386 817 464 ln‘beo,
830 411 913 468 poam
927 396 1005 452 velox
1019 401 1044 459 Δ
1057 389 1148 449 arc'em
1171 393 1341 461 innocentiae,
1353 403 1383 451 et
1394 396 1507 467 prandia
1526 395 1638 454 miseco
1654 396 1694 454 sle
1709 397 1841 466 revlaxlt,

222 491 420 551 misericordia.
437 487 643 559 «notaminis,
661 506 673 545 r
690 487 859 551 aitsanctus,
873 506 883 541 v
898 485 1004 543 etmnl·
1057 492 1153 539 utnon
1166 484 1254 540 solum
1275 484 1404 550 vulneris,
1429 486 1477 542 sed
1494 501 1544 543 nee
1553 487 1636 544 ulam
1650 488 1841 547 cintricisre·

223 595 281 641 torn
295 581 453 638 misericors
472 575 559 649 (Pani.
581 576 641 650 cat).
658 594 669 629 ι
689 576 818 634 Libenter
832 576 917 650 igitur
929 576 964 633 ad
979 584 1007 633 te
1056 572 1135 644 eligia
1162 581 1343 630 remanerent.
1366 573 1538 647 lledarpotus
1558 576 1632 634 enirn
1644 590 1660 631 a
1671 576 1802 648 propbeta
1811 584 1842 632 et

223 653 569 741 coniugiollomir'relesu,
589 667 637 737 qui
650 667 751 723 diutius
764 668 876 738 pateris,
892 675 921 724 et
933 666 1007 723 relo-
1056 662 1208 720 retorsione
1233 663 1387 734 parabolica
1407 665 1549 735 sugillatus
1572 666 1641 723 dixit
1663 684 1671 722 ε
1689 686 1700 720 ι
1726 666 1841 724 Peceari

223 764 292 818 citer
305 758 529 829 misereris,quia
542 766 613 813 tues
633 756 713 825 bens,
727 766 756 813 et
770 771 823 813 non
836 756 1007 826 bomo,sieut
1056 752 1100 826 (ll
1116 752 1180 825 lies.
1194 754 1256 824 sn).
1274 771 1285 806 r
1300 753 1334 810 br
1356 753 1402 809 illc
1421 770 1455 810 ex
1474 756 1602 813 tbesanro
1624 756 1722 813 divina·-
1735 757 1843 813 miseri·

223 850 354 923 propbeta
365 848 431 903 dicit
445 845 518 919 (Orc.
541 850 591 918 nt),
602 847 648 917 otti
664 857 756 904 servet
768 846 849 915 iram,
859 845 1007 903 abscondat
1056 843 1156 901 contla
1173 842 1267 900 statim
1291 841 1434 900 subintulit
1460 860 1467 899 ι
1497 862 1508 897 ‹
1537 844 1686 902 Transtulit
1711 846 1842 901 boninus

222 939 366 1002 malitiam,
375 936 524 993 vindictam
541 935 672 1006 inquirat.
1055 939 1196 1002 peccatum
1209 940 1273 996 ate,
1285 938 1376 986 etnon
1389 931 1516 988 morieris
1525 931 1632 1005 (liin).
1646 951 1657 986 s
1670 932 1840 989 Translatum

257 1029 299 1084 ttd
321 1028 380 1083 beo
392 1034 421 1082 et
443 1025 515 1080 istud
530 1023 758 1081 considerandum
779 1023 808 1080 in
822 1021 1007 1080 misericordia
1054 1028 1099 1077 est
1112 1029 1265 1093 peccatum,
1276 1020 1447 1087 etablotum,
1465 1027 1539 1093 quod
1556 1009 1842 1082 oirideoauintertta·

223 1117 383 1176 miserantis
404 1114 469 1187 quia
482 1113 573 1172 secoli
590 1114 715 1171 bomines
727 1111 823 1181 munel,
834 1121 882 1169 aut
893 1112 947 1179 bis,
960 1119 1007 1167 aut
1056 1112 1101 1168 rid
1115 1121 1144 1168 et
1155 1113 1256 1180 beum3
1276 1121 1306 1170 et
1316 1112 1424 1169 subbto
1433 1128 1468 1170 eo
1480 1114 1565 1171 llarid
1581 1113 1653 1170 idern
1664 1113 1709 1185 qoi
1720 1114 1805 1186 prins.

223 1208 338 1265 multum
359 1206 471 1278 septies,
498 1204 541 1261 rel
562 1195 654 1261 decies
680 1204 831 1271 dmitutnt,
851 1203 896 1261 bic
915 1211 1007 1259 autem
1067 1245 1070 1254 ι
1091 1199 1146 1258 Sed
1161 1210 1190 1258 et
1209 1200 1254 1258 ille
1267 1198 1323 1257 bas
1336 1200 1487 1268 muenia,
1505 1201 1553 1273 qui
1572 1201 1842 1274 volaritmpmpen·

224 1298 323 1353 millies
345 1295 441 1362 indie,
456 1295 480 1352 ai
499 1294 558 1351 lieri
571 1301 675 1365 pmset,
688 1308 750 1365 qum
759 1292 954 1350 committimus
962 1291 1007 1349 tli-
1056 1300 1272 1360 autentorum,
1286 1292 1332 1362 qui
1354 1292 1415 1363 plus
1429 1293 1558 1350 omnibns
1569 1291 1712 1361 laboravit,
1728 1294 1772 1349 cai
1782 1308 1844 1350 cre·

223 1388 318 1452 mittit,
330 1387 423 1442 etboe
435 1386 555 1457 quandiu
581 1385 707 1451 virinum,
721 1381 1009 1455 quandiuperegrina-
1057 1380 1113 1437 dita
1134 1389 1199 1437 sunt
1212 1379 1320 1452 donum
1338 1382 1396 1445 bel.
1411 1396 1502 1439 nonne
1520 1382 1630 1452 primos
1638 1382 1664 1439 in
1675 1382 1841 1454 primitivam

225 1493 286 1533 mur
307 1478 425 1548 abipso.
440 1473 512 1531 Visis
538 1475 621 1548 igitur
645 1476 689 1531 bis
701 1490 761 1546 quo
779 1472 1008 1538 enumeravimus,
1057 1470 1208 1528 Ecclesiam
1231 1473 1338 1529 omtcris
1357 1474 1498 1531 ardentius
1519 1473 1607 1534 iertur
1619 1473 1842 1548 efferbuisseill

225 1566 319 1622 attolle
344 1565 438 1622 oculos
462 1565 547 1621 etlam
573 1565 766 1621 adridendum
776 1561 1010 1634 bominilaraito·
1058 1558 1843 1637 Gor.xr.)dctusapostolicisutttintestimonlumqoanta

225 1665 292 1720 tem,
318 1655 376 1711 sive
401 1653 624 1710 familiaritatem.
650 1652 680 1710 Si
696 1652 742 1710 cui
763 1652 882 1730 maxime
903 1650 1008 1721 potenti
1058 1651 1238 1710 malefecerit
1262 1654 1423 1712 montisbei
1437 1654 1654 1713 inllierasalem.
1676 1654 1842 1724 ilieantem,

225 1744 485 1816 tarnuanense
507 1743 673 1816 tautam,
688 1741 808 1813 nunqua
830 1723 1105 1812 amummssqut
1118 1749 1192 1798 aaa
1214 1741 1285 1798 nan
1301 1740 1377 1810 vota
1400 1751 1475 1799 aaa
1501 1752 1597 1815 poam
1623 1757 1721 1815 pum
1733 1752 1776 1800 aa
1791 1759 1845 1817 pn

224 1837 329 1892 bissum
352 1835 439 1907 loqui,
453 1836 553 1892 nedum
574 1834 678 1905 aliquid
695 1833 801 1906 largiri,
812 1832 855 1888 uel
869 1831 1010 1889 familiaris
1059 1834 1169 1891 nomine
1180 1834 1293 1902 Consu,
1309 1845 1338 1893 et
1352 1836 1648 1895 lucetlndrtnamente
1660 1837 1846 1905 mttnoessr

225 1926 486 2000 dignaturldrares
504 1942 598 1983 mmus
620 1927 647 1983 ei
671 1926 801 1982 etiamad
815 1924 1011 1991 videndumst
1060 1922 1149 1995 aliqua
1172 1939 1280 1997 pentma
1302 1926 1448 1998 pretiosior
1461 1927 1489 1984 in
1505 1942 1606 1986 corona
1632 1927 1716 2000 liepls
1735 1929 1842 1985 eterni.

224 2033 276 2088 pro
293 2032 394 2090 magno
414 2016 547 2073 beneflcio
558 2023 710 2088 computat,
724 2016 748 2072 si
769 2016 866 2073 saltem
884 2031 900 2072 a
916 2024 1010 2073 nostra
1058 2011 1180 2094 Accedat
1193 2023 1222 2072 et
1236 2015 1281 2071 illa
1294 2015 1403 2081 molier,
1414 2032 1476 2089 que
1484 2026 1588 2089 septem
1598 2017 1750 2085 daemoniis,
1763 2019 1846 2076 irleot

224 2107 337 2165 lcsiovm
360 2106 493 2172 desistat;
520 2115 548 2163 et
569 2105 637 2168 lieet¹
652 2103 848 2177 multiplicibus
856 2116 885 2160 et
905 2104 1011 2161 devotis
1059 2103 1194 2162 universis
1211 2105 1285 2162 vitiis
1309 2106 1446 2166 cumulata
1467 2108 1584 2175 luit,cui
1606 2108 1844 2177 multumrvnanti,

226 2196 366 2268 obsequiis
392 2195 568 2253 deieadamos
584 2193 728 2260 ollensam,
746 2203 955 2265 semportantrn
968 2193 1012 2249 in-
1059 2191 1174 2250 moltutu
1196 2194 1353 2262 dimittitur,
1377 2211 1438 2268 que
1468 2198 1555 2270 prima
1575 2197 1649 2256 ridet
1673 2197 1846 2256 &minim

221 2286 303 2358 lorias
317 2287 448 2344 mensoria
461 2284 735 2359 prnnrrotatocutcs
745 2283 827 2349 illius,
840 2283 1010 2342 neeoblitte·
1059 2282 1174 2339 mortuis
1183 2291 1383 2357 resurgentem,
1394 2286 1579 2356 apostolorum
1598 2286 1731 2357 apostola,
1745 2285 1847 2347 dilatas

225 2378 281 2435 rari
292 2377 365 2435 ralot
376 2377 419 2434 vel
432 2377 575 2442 beneflcio,
588 2376 631 2433 tel
641 2375 783 2447 obsequio,
797 2375 841 2433 vel
859 2363 917 2447 ipsa
927 2375 1011 2447 280
1059 2373 1169 2446 proprie
1183 2371 1335 2433 Salvatoris
1346 2374 1444 2447 (Herc.
1458 2374 1527 2449 xva).

225 2469 309 2525 etiam
333 2476 478 2526 vetustate.
502 2466 630 2538 lluoouid
646 2466 685 2524 tu
709 2466 781 2523 boun
802 2466 1012 2531 meus,miseri·
1097 2465 1191 2523 Veniat
1213 2482 1287 2523 nunc
1311 2468 1402 2524 omnis
1419 2468 1845 2536 mnocmtlum.oltorus,etteta

225 2557 509 2616 cordiamealbbsit.
523 2556 670 2616 Consuetit
692 2556 765 2616 enim
777 2553 1013 2626 bonorarepteni-
1059 2555 1182 2626 virginea
1207 2556 1313 2629 puritas
1335 2556 1479 2626 adunetur,
1490 2558 1552 2630 qus
1573 2557 1638 2628 erit,
1653 2558 1846 2631 naiman

226 2657 327 2716 tentes,
341 2648 428 2721 magis
441 2662 522 2719 quam
548 2646 721 2712 innocentem
747 2655 928 2711 revertentes,
938 2644 1011 2716 ples·
1059 2645 1176 2716 istorum
1198 2645 1314 2718 gloriam
1335 2647 1467 2718 aspirare,
1477 2649 1783 2708 nedumtrausoeodere
1795 2664 1845 2705 aa·

226 2753 309 2812 quam
334 2745 517 2804 remanemm,
534 2738 600 2809 dola
622 2736 803 2793 denotionost
817 2734 1010 2806 lerviduspte·
1060 2732 1141 2800 denti
1163 2731 1310 2804 Propterea
1333 2734 1485 2793 confitebor
1504 2734 1565 2799 tibi.
1590 2735 1706 2793 bomine
1728 2734 1804 2804 lesu,
1818 2745 1850 2793 et

226 2827 318 2884 nitens
339 2841 421 2898 quam
444 2826 552 2896 tepidus
578 2816 722 2894 innocens,
736 2841 798 2883 cum
811 2824 1013 2883 illemateriam
1060 2823 1167 2880 laudem
1194 2822 1311 2879 tribuam
1342 2824 1444 2882 nomini
1469 2833 1525 2893 tuo,
1542 2824 1608 2899 onia
1629 2826 1851 2898 apodueprapi·

225 2916 343 2974 terroris
357 2917 467 2983 babeat,
486 2915 700 2988 bictepiditutia.
1062 2914 1139 2972 uado
1161 2922 1214 2980 est,
1227 2923 1255 2972 et
1268 2923 1379 2986 propter
1398 2915 1485 2988 legem
1498 2924 1573 2973 tuam
1591 2916 1746 2974 sustinuite
1757 2912 1848 2988 (lut

262 3005 399 3063 Fortassis
411 3004 629 3090 praesumptionis
641 3021 752 3080 arguar,
767 3003 824 3077 qui,
836 3010 930 3064 contra
940 3020 1010 3080 prae-
1023 3055 1049 3123 c
1062 3003 1168 3084 cxxix),
1183 3006 1305 3064 bomine.
1321 3005 1387 3076 Quae
1408 3017 1451 3064 est
1471 3007 1524 3066 ista
1534 3007 1589 3077 len,
1601 3023 1663 3081 oon
1673 3008 1850 3081 propitiantur

226 3104 336 3167 ceptum
359 3094 492 3168 apostati,
516 3096 661 3153 verborum
687 3095 821 3154 novitates
839 3096 949 3161 induco,
963 3096 1011 3153 sed
1062 3096 1131 3167 Quia
1143 3096 1481 3166 obmsuntedementem
1492 3097 1847 3171 promittis3paenitentiatx

226 3181 317 3242 babeo
326 3182 361 3241 ad
374 3198 484 3240 manum
498 3185 667 3252 testimonia,
683 3199 734 3241 nec
743 3199 837 3257 porra,
850 3199 900 3242 nee
914 3199 1010 3257 pauca,
1062 3185 1201 3255 admittis;
1213 3186 1312 3259 punire
1322 3188 1521 3258 praetermittis.
1531 3188 1628 3263 bagua
1642 3196 1685 3247 est
1698 3189 1850 3260 iaimrrtr·

227 3290 289 3347 qua
299 3283 328 3332 et
338 3275 396 3347 ipsa
413 3275 553 3334 credibilia
572 3275 643 3334 lacta
657 3283 722 3334 sunt
733 3275 825 3343 nimis,
840 3283 939 3349 etque
950 3290 1014 3347 pos·
1063 3285 1107 3333 tus
1119 3276 1277 3348 penitentia
1287 3292 1431 3344 teramum
1445 3278 1604 3336 Ambrosius
1616 3280 1691 3340 dicut
1707 3295 1716 3336 ι
1730 3277 1870 3337 Facibus'

226 3366 284 3421 sint
303 3363 462 3422 mtialacere
483 3364 674 3422 murmuranti.
686 3363 785 3422 Petms
795 3366 945 3438 apostolos,
957 3382 1013 3425 non
1063 3363 1154 3422 inveni
1171 3378 1220 3421 eos
1232 3363 1279 3436 qul
1305 3363 1488 3422 innocentiam
1511 3376 1689 3425 serraverunt
1701 3382 1784 3440 qnam
1796 3368 1846 3440 qul

226 3453 342 3526 quilibet
365 3454 514 3526 apostolos,
540 3456 589 3524 sed
616 3454 744 3528 princeps
764 3454 1012 3528 apostolorum,cui
1062 3469 1211 3527 congruam
1219 3464 1334 3528 egerunt
1346 3454 1546 3526 pertinatiam.

226 3548 346 3605 traditos
357 3556 400 3605 est
419 3548 587 3620 principatus
607 3547 669 3605 cet
687 3557 715 3604 et
725 3556 806 3604 terrae
820 3547 929 3619 illerde
942 3546 1013 3619 xvi),
1075 3615 1079 3622 ,
1097 3541 1166 3601 Vide
1187 3551 1217 3599 rt
1230 3553 1314 3601 'textu
1328 3545 1478 3602 custodiam
1492 3546 1562 3617 eius,
1578 3546 1644 3623 ,qun
1659 3547 1712 3606 nisi
1727 3547 1788 3620 ipse
1797 3561 1849 3605 cu·

227 3637 350 3709 nmquid
362 3653 418 3696 non
431 3639 464 3696 dc
478 3638 561 3696 cboro
583 3625 771 3710 penitentium
783 3645 837 3705 eat,
851 3638 923 3695 etde
938 3647 1014 3696 sorta
1062 3633 1187 3692 stodierit
1199 3649 1259 3702 nos,
1273 3632 1375 3691 lrustra
1392 3635 1545 3707 vigilamus.

229 3727 351 3797 praviter
372 3727 552 3801 iniustoruml
562 3727 657 3786 Nonne
668 3728 725 3799 ipse
738 3736 790 3795 est,
808 3728 856 3799 qui
868 3727 951 3785 boum
965 3743 1014 3785 ne·
1099 3722 1226 3781 Decursis
1250 3723 1333 3796 igitur
1354 3738 1404 3781 sex
1425 3724 1575 3784 risionibus
1592 3724 1663 3792 istis,
1675 3736 1847 3784 tmseanas

227 3818 312 3888 pauit,
323 3817 434 3890 reliquit
456 3818 627 3892 magistron,
647 3795 905 3885 amicatudeseruit,
918 3817 1013 3875 lelellit
1062 3815 1099 3873 ed
1115 3814 1261 3874 secundam
1284 3812 1432 3872 Salsaloris
1459 3829 1554 3873 rocem
1577 3815 1691 3876 dicentis
1706 3833 1716 3872 ι
1733 3833 1748 3886 ι
1770 3816 1844 3888 Vipi-

226 3907 410 3980 ptomissuml
424 3905 470 3978 oui
482 3907 566 3979 caepit
579 3906 709 3963 detestari
726 3904 944 3976 etjurare,quia
957 3921 1012 3962 non
1062 3905 1126 3963 late
1142 3925 1153 3960 t
1168 3905 1339 3978 vigilantium
1362 3909 1489 3974 omnino,
1513 3914 1542 3963 et
1563 3922 1675 3965 somnus
1699 3908 1735 3965 ab
1757 3907 1846 3966 ont·

226 3997 304 4054 norit
316 3996 452 4055 bominem
473 3996 581 4069 (llottlr.
605 3995 694 4068 xxrt),
712 3994 849 4069 negationi
863 3995 1012 4068 periodum
1062 3995 1237 4067 atterendus,
1261 3996 1325 4069 quia
1351 3998 1471 4054 latrones
1495 3996 1574 4054 multi
1588 3996 1714 4056 obsident
1727 3998 1780 4055 iter
1796 4012 1848 4055 no·

226 4092 469 4164 emerserimus
481 4092 586 4150 crimen
603 4091 751 4163 adjicienst
761 4091 874 4168 Cecidit,
894 4090 943 4148 sod
956 4105 1011 4149 aon
1062 4095 1150 4145 stmm
1163 4086 1290 4145 toxicatis
1300 4087 1450 4145 missilibus
1462 4086 1638 4155 formidandi,
1650 4087 1753 4144 nullom
1769 4102 1848 4159 pror·

225 4196 269 4241 est
281 4184 401 4253 collisus,
412 4185 477 4255 onia
494 4184 625 4243 buniam
646 4181 789 4254 supposuit
801 4194 1011 4240 monumsuam.
1061 4193 1109 4236 sus
1116 4180 1277 4236 intentatum
1288 4179 1586 4237 transiresustioentes.
1595 4178 1850 4237 ‘lrcseninrbostes

226 4269 295 4328 b'ide
316 4273 381 4343 quid
402 4272 473 4330 dicat
500 4273 668 4343 Scriptura:
696 4291 706 4326 v
734 4272 883 4342 llcspexit,
912 4270 1013 4340 inquit,
1062 4268 1215 4341 precipuos
1236 4268 1368 4334 babemus
1380 4278 1408 4325 et
1419 4267 1597 4341 praecipitium
1614 4268 1771 4336 suadentes,
1781 4284 1846 4326 ear·

229 4360 389 4419 nilominus
400 4360 509 4420 Petrum
530 4361 636 4448 (ltin).
652 4360 840 4431 ellespontum
854 4359 954 4417 Christi
967 4374 1012 4416 se·
1022 4391 1051 4455 D
1063 4373 1137 4425 nem,
1154 4356 1302 4426 diabolum,
1325 4367 1353 4414 et
1374 4358 1519 4426 mundum:
1542 4372 1576 4415 ex
1588 4356 1688 4429 quibus
1699 4357 1766 4425 duo,
1798 4360 1851 4416 etei

226 4450 319 4522 quitor
329 4450 408 4509 tatus
419 4451 504 4517 Petri,
516 4459 544 4509 ct
555 4451 736 4524 lacrymamm
751 4449 904 4507 amaritudo
918 4446 1011 4505 dulce·
1062 4446 1208 4519 aliquando
1227 4446 1418 4510 intermittunt,
1440 4461 1577 4517 nunquam
1589 4454 1680 4503 tamen
1691 4445 1848 4513 dimittunt:

226 4544 316 4601 &tem
328 4544 447 4617 antinum
458 4544 597 4617 dignitatis
606 4545 752 4600 inclamat.
1021 4557 1030 4568 ·
1062 4538 1160 4596 tertius
1181 4546 1283 4605 autem,
1309 4536 1432 4594 diabolus
1456 4536 1598 4601 videlicet,
1620 4537 1659 4594 ita
1681 4536 1849 4594 inexorabile

260 4632 384 4698 reuma·
405 4641 501 4690 sancte
517 4631 649 4704 apostole,
661 4632 789 4704 lacrymae
803 4638 866 4697 tom,
882 4644 944 4701 quae
954 4627 1012 4686 cul·
1061 4631 1153 4688 odium
1170 4632 1313 4688 aduersum
1338 4644 1391 4688 not
1410 4638 1530 4708 exercet,
1551 4639 1582 4686 ut
1598 4644 1737 4700 nunquam
1760 4633 1797 4686 ab
1811 4643 1847 4685 eo

224 4735 289 4794 pam
311 4722 434 4796 uoluunt,
447 4723 560 4794 undum
582 4725 744 4791 restituunt,
758 4721 850 4779 debita
860 4721 1010 4788 dimittunt,
1061 4719 1196 4787 inducias,
1222 4718 1264 4776 vul
1279 4719 1306 4776 in
1330 4718 1385 4775 ictu
1407 4718 1478 4776 oculi
1490 4717 1659 4790 potuerimus
1671 4726 1846 4788 extorquere.

224 4812 357 4884 ampliora
383 4811 567 4870 committunt.
588 4809 719 4882 Respexit
739 4811 836 4882 pietas,
849 4810 1011 4882 ctimpietns
1061 4811 1098 4868 dt
1113 4817 1142 4867 ot
1155 4810 1238 4867 rerba
1267 4808 1340 4866 illius
1361 4809 1481 4867 oratoris
1504 4795 1650 4881 muamus,
1676 4807 1723 4878 oul
1747 4806 1848 4877 ubique

224 4902 320 4967 cessit,
345 4912 374 4960 et
393 4902 509 4959 accessit
533 4900 623 4970 prisca
658 4898 841 4956 lamibaritas.
868 4897 1008 4969 benique:
1062 4898 1167 4957 redolet
1190 4897 1361 4966 ciceronem,
1387 4911 1449 4953 com
1462 4894 1848 4968 boeqootldianusetancups

228 4992 350 5062 cSlmon
371 4992 494 5059 loannis,
502 4990 598 5064 diligis
618 5004 663 5046 me
686 4968 747 5059 plt‘rs
770 4988 831 5045 bisi
847 4986 933 5045 Pasce
946 5003 1013 5046 ores
1062 5001 1236 5060 congressus,
1250 5000 1285 5041 ex
1294 4984 1347 5042 boc
1358 4985 1530 5042 innumerum
1543 4982 1653 5062 voiono,
1662 4998 1713 5040 nec
1725 4998 1759 5040 ex
1773 4982 1846 5040 lacili

224 5096 303 5140 meas
320 5079 411 5153 (loon.
427 5081 509 5149 xxvi:
530 5087 583 5135 ret
605 5078 648 5134 bis
669 5073 781 5143 similia,
796 5074 1011 5148 quidsunt,pisi
1062 5074 1219 5133 cicatricem
1235 5076 1409 5149 promittens:
1426 5075 1478 5131 sub
1499 5076 1551 5132 boc
1570 5089 1651 5131 casus
1665 5072 1804 5144 lretpoem,
1818 5082 1848 5129 et

225 5185 323 5243 maana
336 5170 496 5228 documenta
518 5166 732 5225 familiaritatisl
751 5165 819 5223 lliud
828 5166 910 5223 etiam
919 5166 1011 5240 sinpo-
1063 5168 1206 5248 respiratio
1219 5166 1349 5234 ditllcills;
1362 5169 1396 5224 de
1406 5167 1458 5225 boc
1470 5182 1546 5234 rara,
1559 5175 1587 5223 et
1600 5179 1738 5237 nonquam
1749 5179 1848 5222 nean

220 5245 284 5317 'lare
292 5259 381 5319 sancti
394 5257 513 5332 Spiritus
521 5270 757 5350 organumquem
768 5256 1012 5315 lorenltbominus
1062 5257 1193 5324 victorin
1207 5256 1271 5313 buic
1288 5255 1414 5314 uolontas
1439 5269 1548 5327 sempter
1574 5253 1677 5326 iniqua,
1696 5250 1846 5310 etlalleodi

225 5350 372 5407 ωοιιιιᾱιιιιι
394 5364 443 5406 cor
465 5363 557 5415 suom,
577 5347 621 5404 eal
647 5345 768 5405 revelata
789 5345 1012 5404 sontlooertaet
1063 5347 1241 5421 principatus.
1257 5345 1324 5414 onis
1347 5346 1483 5410 adversus¹
1502 5345 1575 5401 bunc
1595 5342 1695 5416 poterit
1723 5341 1848 5415 ripilare,

226 5438 333 5496 occulta
351 5438 491 5513 sapientiae
513 5438 584 5506 bei,
604 5449 696 5495 nonne
717 5453 780 5495 eum
804 5435 960 5503 homicidio,
982 5445 1012 5492 et
1064 5428 1847 5495 nisicmmsittedenocnrenerttinauxitiumnoetront

221 5529 361 5608 mutuno
381 5529 526 5604 insignitus
546 5537 589 5586 est
602 5539 666 5587 nota
688 5527 1011 5600 etootnineproditorisl
1062 5527 1116 5604 Per
1129 5544 1180 5584 nos
1203 5541 1320 5598 namque
1342 5540 1397 5583 non
1410 5523 1565 5602 sodomus,
1582 5522 1637 5581 loto
1655 5518 1848 5588 tramam

233 5599 287 5680 ss'o
300 5620 362 5677 etue
375 5621 457 5692 qoam
476 5619 559 5680 esna
571 5619 739 5693 perronna
763 5617 833 5677 run
847 5618 962 5676 natum
976 5618 1012 5676 at
1063 5617 1231 5679 moranus
1244 5616 1273 5675 ιιι
1290 5615 1382 5674 amu
