4100 6209
104 331 155 390 173
243 350 247 356 ’
850 335 975 398 81111110
994 335 1115 399 xxxii.
1804 361 1858 421 574

104 453 178 512 ressa
196 459 266 512 sunt
285 453 426 513 membra.
444 453 517 514 Nam
537 457 562 515 si
579 456 667 517 iictile
682 459 729 519 sui
749 461 878 534 corporis
896 462 1058 522 vas-Aria.
1078 463 1125 521 Illi
1142 465 1219 523 enim
1238 466 1275 525 ad
1305 473 1535 544 expugnandum
1553 474 1726 538 Christiana
1743 481 1858 542 militiae

102 542 215 615 culum,
227 542 299 601 dum
317 542 414 602 adbuc
432 560 538 606 sanum
551 553 627 606 esset
640 563 691 620 pro
710 551 907 609 conservando
926 551 962 607 li·
1004 557 1154 610 strenuum
1174 552 1351 627 bellatorem,
1369 572 1427 616 non
1445 558 1541 618 solum
1560 562 1652 621 ierrea
1669 580 1750 625 arma
1766 568 1858 627 corri-

103 633 148 693 dei
173 634 308 693 thesauro
335 634 455 694 lacerari
479 634 619 710 permisit,
636 644 744 711 quanto
768 640 861 712 magis
892 646 962 699 tunc
1002 640 1098 714 piant,
1122 642 1171 701 sed
1195 642 1286 717 ignes,
1308 662 1409 721 aquas,
1429 648 1519 723 ligna,
1540 651 1658 727 lapides,
1672 661 1700 714 et
1719 657 1858 716 universa

102 741 153 801 pro
173 725 237 798 jam
258 729 394 799 quassato
415 731 443 783 et
466 726 555 785 iracto
580 732 639 786 tam
660 727 817 800 pretiosum
844 728 961 788 thesau-
1003 728 1089 802 plane
1113 730 1257 790 elementa
1280 749 1429 794 armorum
1457 739 1606 798 materiam
1633 741 1754 811 iaciunt,
1772 753 1798 803 et
1823 745 1854 803 in

103 830 169 874 rum
184 813 304 886 perdere
316 812 505 874 lormidabitt
1002 819 1156 893 praeliandi
1187 829 1359 894 argumenta
1393 835 1575 888 convertunt.
1606 830 1663 889 Iste
1694 848 1762 892 vero
1798 849 1856 907 quo

137 903 185 963 Tu
199 917 278 978 ergo,
298 907 328 962 tu
344 903 519 965 miserabilis
535 907 619 967 turba
637 907 838 983 agonothetam
853 905 962 967 Christi
1002 908 1099 967 acrius
1116 906 1316 982 impugnatur,
1333 926 1367 970 eo
1391 912 1537 973 robustior
1563 916 1727 992 invenitur;
1750 928 1778 979 et
1799 937 1858 996 quo

103 994 174 1053 dum
198 995 322 1065 dejicere
345 995 467 1066 moliris,
488 997 705 1069 extollis;dnm
723 1014 858 1074 superare
890 999 961 1058 nite
1003 996 1096 1070 magis
1117 1011 1220 1071 corpus
1249 1014 1300 1072 per
1328 1006 1469 1059 tormenta
1496 1001 1679 1077 distenditur,
1700 1023 1734 1067 eo
1766 1012 1859 1084 magis

104 1083 153 1153 ris,
173 1083 402 1157 insuperabilem
419 1085 525 1145 reddis.
543 1087 588 1147 Tu
601 1090 683 1160 tacis,
703 1095 735 1148 ut
751 1105 855 1164 corpus
874 1104 962 1148 suum
1002 1081 1076 1144 fides
1089 1094 1221 1159 augetur.
1232 1085 1439 1162 iusuperabilis
1450 1089 1576 1164 deniqne
1587 1093 1790 1168 milesest,cui
1802 1100 1860 1158 vir·

104 1170 152 1231 ille
180 1173 329 1246 despiciat,
344 1178 372 1232 et
390 1191 426 1233 ex
444 1192 478 1234 eo
496 1177 594 1251 egredi
617 1184 675 1238 tota
697 1178 790 1238 animi
814 1177 961 1237 alacritate
1003 1182 1050 1235 tus
1070 1193 1108 1236 ex
1128 1176 1299 1237 vulneribus
1322 1179 1432 1248 crescit,
1460 1196 1497 1238 ex
1521 1181 1670 1243 minarum
1699 1189 1857 1248 terroribus

104 1261 275 1333 contendat,
302 1271 330 1321 et
355 1262 426 1321 dnm
454 1266 538 1324 novis
573 1273 602 1324 et
629 1266 784 1342 exquisitis
812 1265 962 1341 suppliciis
1001 1265 1171 1326 animositas
1191 1267 1293 1339 surgit.
1309 1266 1389 1326 Nova
1411 1274 1439 1326 et
1460 1268 1590 1329 inaudita
1614 1289 1712 1347 pugna
1734 1286 1786 1346 est,
1807 1279 1857 1338 ubi

104 1365 171 1410 enm
198 1349 372 1410 mirabiliter
395 1353 508 1413 crucias
531 1359 563 1413 ut
586 1355 749 1414 mirabilem
772 1356 861 1414 iacias
884 1370 962 1412 mar»
1002 1356 1175 1431 peregrinus
1191 1362 1338 1429 expugnat
1357 1355 1470 1428 urbem,
1490 1358 1584 1418 incola
1602 1362 1758 1436 civitatem,
1780 1384 1858 1428 unus

105 1446 209 1514 tyram,
238 1439 377 1499 elaboras.
406 1440 468 1500 Tua
495 1441 575 1501 enim
603 1443 691 1503 stulta
717 1444 856 1518 sapientia
884 1444 960 1516 iecit,
1002 1442 1155 1519 populum,
1174 1441 1301 1501 imbellia
1319 1459 1455 1516 cuneum,
1476 1446 1596 1507 inermis
1614 1450 1716 1523 aciem,
1736 1469 1857 1529 persona

105 1529 181 1605 quod
209 1528 297 1588 bodie
321 1544 428 1589 nomen
452 1530 485 1590 B.
512 1531 690 1606 Apollinaris
717 1539 773 1591 tam
799 1533 912 1593 clarum
933 1539 963 1592 et
1003 1528 1101 1603 dejicit
1118 1527 1270 1602 legionem.
1287 1528 1429 1590 Mirabilis
1450 1540 1478 1591 et
1500 1538 1639 1609 stupenda
1664 1538 1785 1599 victoria
1804 1549 1858 1614 eat,

105 1617 217 1676 celebre
229 1633 281 1691 per
297 1633 346 1676 ora
362 1618 493 1677 bdelium
509 1621 609 1679 currit.
627 1620 748 1681 Servisti
766 1638 880 1698 nempe,
890 1623 962 1681 dum
1003 1620 1056 1679 nbi
1074 1620 1157 1691 vivit,
1171 1619 1222 1693 qui
1236 1620 1377 1680 occiditur
1386 1644 1393 1691 ;
1410 1624 1512 1697 surgit,
1524 1626 1575 1699 qui
1589 1626 1723 1702 dejicitur
1729 1648 1739 1700 ;
1755 1630 1856 1702 vincit,

106 1704 215 1764 saevisti
228 1723 236 1774 ;
251 1710 279 1763 et
291 1704 401 1764 auxisti
417 1705 555 1781 palmam,
569 1708 641 1768 dum
657 1725 816 1785 exaggeras
833 1725 960 1783 poenam.
1003 1708 1055 1783 qui
1070 1714 1241 1783 superatur,
1258 1715 1286 1767 et
1299 1715 1451 1785 postquam
1471 1719 1604 1773 mortuus
1622 1715 1721 1788 inerit,
1739 1713 1856 1777 omnem

106 1794 266 1870 Numquid
286 1810 343 1854 non
359 1795 395 1854 ad
415 1796 533 1856 victoris
550 1798 672 1872 gloriam
692 1815 791 1859 vecors
808 1798 959 1874 ingenium
969 1799 1133 1878 Badversae
1150 1796 1239 1871 partis
1256 1798 1348 1856 aciem
1368 1796 1403 1855 ad
1423 1799 1469 1858 sui
1488 1798 1669 1875 imperatoris
1687 1805 1769 1878 signa
1787 1823 1858 1867 con-

106 1890 190 1944 tnnm
203 1883 318 1958 reperit,
336 1885 453 1958 quando
463 1887 494 1944 in
508 1888 648 1947 bonorem
662 1891 839 1950 transierunt
856 1889 959 1948 trium·
999 1888 1095 1947 vertit.
1113 1884 1170 1943 Ubi
1185 1900 1264 1943 mors
1278 1885 1420 1954 evaditur,
1436 1902 1503 1946 cum
1520 1888 1655 1962 subitur,
1672 1892 1731 1951 vita
1744 1893 1856 1969 incipit,

105 1974 153 2047 phi
169 1974 233 2048 ipsa
245 1973 334 2032 etiam
348 1973 542 2034 instrumenta
557 1976 712 2051 supplicii?
999 1994 1067 2039 curn
1087 1976 1200 2035 linitur.
1216 1975 1331 2035 Novum
1357 1975 1496 2049 litigium,
1520 1978 1571 2037 nbi
1595 1980 1702 2054 iudicio
1722 1985 1858 2057 praesidet

138 2062 197 2122 Sed
210 2062 306 2144 adbuc
318 2062 490 2137 diligentius
513 2065 669 2125 laceratum
694 2082 799 2142 corpus
814 2066 959 2137 examina,
998 2067 1135 2144 populus,
1151 2057 1179 2124 et
1191 2080 1270 2124 unus
1283 2063 1438 2123 deducitur
1447 2065 1641 2142 puniendum
1657 2072 1709 2130 ubi
1722 2088 1799 2133 unus
1813 2075 1857 2133 in-

103 2154 249 2224 adbncea
265 2153 338 2228 ipsa,
356 2169 423 2230 quae
436 2156 567 2214 conioaea
588 2164 658 2215 sunt
673 2156 813 2227 membra,
828 2160 959 2227 retracta,
999 2171 1108 2217 nocens
1129 2159 1292 2225 accusatur,
1315 2153 1475 2212 multorum
1498 2155 1711 2219 damnabilium
1734 2178 1856 2224 censura

103 2256 205 2317 coque,
218 2241 348 2317 discerpe
373 2242 459 2314 ictus,
476 2245 565 2315 cede,
586 2245 717 2315 verbera,
737 2251 871 2320 percute,
897 2243 959 2317 J'am
999 2243 1197 2320 depromitur;
1212 2241 1264 2301 ubi
1277 2241 1374 2316 jnstns
1386 2240 1513 2315 vapulat,
1530 2259 1597 2303 rcus
1611 2246 1740 2310 damnat.

104 2331 136 2390 de
163 2338 223 2391 toto
250 2348 368 2408 corpore
393 2333 578 2394 invictissimi
615 2336 751 2410 martyria
774 2336 845 2410 qnid
865 2333 958 2405 aliud,
1036 2332 1093 2393 Sed
1110 2332 1187 2390 inter
1206 2345 1308 2388 omnes
1326 2328 1360 2387 B.
1376 2330 1564 2402 Apollinaris,
1582 2348 1641 2393 non
1662 2335 1757 2397 dicam
1775 2339 1856 2412 judi·

103 2421 158 2479 1111
173 2420 274 2494 plagas
287 2421 392 2495 pomris
408 2422 828 2494 vulnerareissnlliataurnm,
838 2439 896 2481 non
908 2423 960 2480 mi·
998 2436 1055 2491 ces,
1075 2420 1124 2479 sed
1143 2417 1303 2488 carnifices,
1322 2432 1380 2477 non
1404 2419 1549 2491 presides,
1566 2423 1614 2481 sed
1640 2430 1770 2500 tortores,
1794 2438 1855 2500 tua,

103 2508 226 2581 unitur,
251 2509 379 2569 wdetur
406 2512 534 2584 adamas,
549 2526 606 2570 non
620 2517 741 2571 secatur.
756 2511 820 2571 lani
834 2510 959 2583 denique
999 2507 1161 2576 Messalino,
1183 2505 1340 2565 crudelitas
1364 2506 1500 2581 luporum
1524 2510 1638 2569 excedit
1654 2514 1773 2586 rabiem,
1795 2516 1855 2578 loo·

103 2594 149 2654 ille
164 2595 203 2654 ad
211 2595 278 2656 cmii
292 2599 408 2658 culmen
432 2600 561 2669 anhelat,
575 2601 636 2674 iam
662 2607 760 2659 mente
774 2600 806 2658 in
822 2599 958 2658 sublimi·
998 2613 1072 2658 num
1083 2600 1238 2669 exsuperat
1255 2594 1407 2652 feritatem.
1425 2592 1497 2653 Nam
1510 2603 1573 2670 post
1588 2608 1775 2662 cruentorum
1789 2620 1856 2663 ver·

102 2683 154 2743 bus
182 2685 311 2758 babitat;
327 2687 402 2747 nibil
419 2687 506 2760 dolet,
524 2688 599 2747 nibil
624 2687 714 2758 timet,
739 2687 807 2758 nisi,
827 2702 844 2746 o
862 2701 958 2760 perse·
997 2687 1101 2745 berum
1125 2683 1323 2754 caedcm,post
1347 2682 1508 2756 patentium
1532 2687 1691 2748 vulnerum
1721 2691 1856 2753 multitu-

102 2767 227 2851 tutores,
244 2779 335 2839 solam
349 2781 483 2854 pietatem
496 2787 633 2852 vestram,
648 2780 750 2854 quaesi
765 2779 792 2837 ei
809 2777 957 2847 tribuitur,
998 2778 1108 2849 dinem,
1137 2781 1201 2851 post
1231 2772 1349 2848 equulei
1376 2775 1594 2850 appensionem,
1625 2787 1689 2855 post
1713 2798 1855 2855 aquarum

101 2866 136 2924 ab
155 2867 222 2941 ipso
245 2867 378 2941 impietas
400 2867 600 2926 crudelissima
624 2868 794 2941 deputatur;
813 2873 841 2926 et
859 2866 885 2925 si
903 2865 959 2924 tela
998 2864 1221 2926 fervescentium
1248 2862 1450 2934 redonemur
1466 2864 1765 2937 ejnssaxocontnndi
1780 2886 1856 2944 prae·

100 2965 197 3016 restra
213 2957 250 3016 ad
266 2957 328 3031 ejus
341 2957 430 3016 vultis
445 2956 583 3016 interiora
601 2957 774 3032 pertingere,
793 2957 853 3016 sola
872 2954 957 3014 illum
998 2956 1070 3030 cipis
1095 2961 1124 3013 et
1148 2968 1224 3011 novo
1260 2951 1395 3010 tormenti
1428 2968 1532 3025 genere
1560 2956 1649 3014 verba
1686 2958 1856 3018 verberibus

99 3045 205 3117 pietate
226 3043 318 3103 terite.
345 3045 429 3105 Tunc
454 3046 532 3104 enim
554 3045 681 3119 graviter
706 3044 911 3119 indignamini,
933 3042 957 3101 si
997 3045 1095 3120 punis.
1111 3044 1183 3103 Ecce
1207 3042 1313 3101 artilex
1340 3041 1452 3101 saevitia
1475 3047 1525 3101 tua
1552 3058 1605 3116 per
1628 3045 1751 3105 effusam
1778 3048 1856 3107 fellis

100 3134 283 3194 miseremini
308 3154 316 3192 ;
339 3139 408 3192 tunc
432 3133 600 3193 immaniter
620 3134 761 3204 laceratis,
777 3135 801 3191 si
820 3132 1224 3231 parcitiszcamaritudinem
1248 3130 1317 3189 novi
1344 3137 1369 3189 te
1392 3132 1528 3205 supplicii
1548 3133 1616 3191 iecit
1637 3140 1794 3194 auctorem.
1820 3136 1856 3194 nt

100 3231 135 3295 et,
150 3231 187 3284 ut
200 3225 240 3283 ita
253 3222 389 3295 dixerim,
406 3229 476 3281 tunc
487 3223 609 3296 punitis,
625 3222 649 3281 si
669 3228 739 3280 tunc
756 3237 815 3281 non
833 3222 954 3295 punitis.
998 3227 1123 3281 caecatus
1148 3217 1216 3275 161
1243 3235 1303 3294 per·
1317 3219 1500 3279 iracundiam
1522 3221 1627 3281 mends
1652 3224 1755 3284 oculus
1783 3224 1857 3285 illud

139 3310 497 3372 1600robnstissimum
516 3321 626 3387 pectus,
646 3312 724 3388 qnod
743 3313 825 3371 nulla
844 3321 956 3387 queunt
999 3309 1189 3385 excogitando
1217 3323 1293 3368 novo
1321 3307 1461 3382 supplicio
1502 3311 1650 3383 praevidet,
1680 3313 1756 3386 quod
1785 3330 1857 3373 sano

99 3401 153 3460 tela
180 3402 340 3477 perfodere,
363 3401 443 3461 nulla
467 3410 588 3475 possunt
613 3403 722 3476 spicula
748 3402 955 3476 penetraretO
999 3399 1122 3459 consitio
1146 3398 1311 3472 conspicere
1335 3400 1387 3456 vix
1404 3397 1521 3457 valeret.
1538 3400 1574 3458 iit
1592 3415 1694 3459 revera
1713 3404 1786 3476 quid
1802 3403 1855 3462 tibi

98 3491 333 3550 munitissimum
353 3489 470 3548 'Christi
503 3489 624 3562 vallum,
649 3490 724 3564 quod
753 3504 811 3548 non
838 3489 954 3564 impacti
999 3487 1113 3563 reliqua
1135 3485 1266 3544 membra
1283 3485 1420 3557 lacerant,
1443 3501 1513 3544 cum
1534 3485 1674 3561 laniabas,
1694 3506 1761 3550 cum
1786 3507 1854 3550 crn-

97 3581 199 3639 arietes
211 3579 344 3652 diruunt,
363 3578 445 3639 nulla
463 3579 666 3639 machinarum
688 3583 820 3637 armenta
837 3579 955 3637 convel-
998 3579 1107 3647 ciebas,
1125 3592 1193 3635 cum
1213 3574 1377 3649 torquebas,
1392 3592 1459 3636 curn
1473 3579 1572 3637 omnia
1589 3579 1757 3642 immaniter
1778 3582 1856 3657 lupi·

97 3666 174 3728 lunt!
193 3669 308 3738 Quanta
322 3669 402 3727 bunc
415 3667 615 3727 retributionis
633 3665 725 3742 gloria
746 3682 827 3725 nunc
844 3665 956 3725 extollit
999 3668 1047 3728 nis
1068 3666 1214 3727 morsibus
1234 3663 1429 3739 depascebas?
1448 3667 1503 3725 Ore
1521 3673 1548 3726 te
1568 3669 1736 3743 offenderat,
1756 3688 1805 3733 ore
1829 3680 1856 3732 te

95 3756 125 3816 in
141 3757 380 3832 summis,quem
394 3763 471 3816 tanta
484 3755 681 3815 tribulationis
697 3755 856 3814 adversitas
874 3770 955 3827 pres·
998 3756 1211 3831 obiurgaverat,
1239 3768 1288 3811 ore
1314 3752 1417 3811 frontis
1441 3759 1498 3813 tuae
1525 3755 1763 3819 inverecundiam
1790 3775 1857 3821 con·

95 3846 131 3902 sit
156 3847 186 3903 in
206 3845 295 3904 imis!
322 3845 455 3913 Econtra,
481 3860 561 3905 nunc
581 3860 648 3903 cum
678 3843 778 3917 ignitis
805 3843 955 3902 beatorum
999 3845 1120 3907 lutabat.
1136 3844 1217 3904 Muta
1230 3841 1361 3902 membra
1376 3842 1417 3901 nil
1432 3842 1568 3903 iecerunt.

94 3934 257 4008 spirituum
270 3934 394 3993 caetibus
410 3933 524 4004 emicat,
537 3950 604 3993 cum
626 3933 759 3992 trabeatis
775 3931 956 3990 senatoribus
1035 3935 1093 3995 Cur
1104 3949 1182 4008 ergo,
1196 3931 1274 4007 qnod
1287 3947 1346 3991 non
1360 3930 1478 3991 admisit
1501 3933 1628 4009 culpam,
1650 3935 1773 3997 oudinet
1794 3954 1855 4014 pm·-

94 4024 184 4082 cnriae
206 4023 333 4082 ooelestis
355 4021 491 4095 exsultat,
514 4038 582 4081 cum
610 4020 783 4098 patriarchis
809 4022 839 4079 in
867 4035 956 4079 aureo
998 4024 1090 4083 nam?
1105 4022 1187 4094 Quod
1203 4020 1856 4095 11111111111111111111111110111111111111111-

93 4113 264 4173 snbiimiter
278 4111 350 4171 solio
371 4111 595 4184 inthronizatus,
612 4127 678 4170 cunr
694 4110 859 4185 purpuratis
878 4125 955 4168 mar·
998 4112 1072 4187 quit,
1092 4126 1145 4170 cnr
1166 4108 1331 4168 vindicatur
1344 4106 1358 4167 1
1371 4107 1402 4167 Si
1415 4108 1459 4166 vis
1476 4125 1543 4184 ergo
1561 4111 1593 4170 in
1615 4129 1697 4172 reum
1718 4114 1856 4174 districte

94 4203 212 4274 tpribns
246 4199 419 4258 mirabiliter
448 4207 611 4259 coronatus.
640 4200 713 4259 Cum
745 4199 791 4258 iris
819 4197 957 4258 omnibus
998 4200 1249 4261 sententiatuum
1264 4198 1391 4272 prolerre
1406 4197 1546 4272 vigorem,
1561 4200 1686 4261 verbum
1703 4203 1856 4263 examine-

93 4289 164 4348 stola
178 4289 304 4349 indutus
324 4289 428 4362 gloriae
445 4287 631 4348 ineffabiliter
649 4288 762 4361 emicat,
776 4293 804 4348 ct
818 4296 884 4348 ante
899 4287 955 4345 im·
997 4299 1057 4364 tur,
1072 4292 1193 4351 verbum
1211 4289 1368 4365 judicetur,
1390 4289 1511 4348 verbum
1530 4290 1701 4352 verberibus
1720 4298 1855 4369 torquea-

94 4387 259 4452 peratorem
270 4394 357 4438 sunm
372 4377 521 4436 melodum
532 4377 650 4436 alleluia
664 4379 830 4452 perenniter
838 4377 954 4453 jubilat.
999 4388 1056 4441 tur.
1071 4378 1107 4438 Et
1120 4379 1191 4455 quid
1204 4378 1271 4453 plns
1284 4377 1402 4436 dicam?
1415 4377 1523 4437 Anima
1538 4377 1660 4454 linguae,
1675 4397 1742 4456 qnae
1755 4398 1856 4456 peram

92 4467 154 4540 Quo
170 4476 200 4529 te
219 4485 382 4544 precemur,
403 4473 515 4542 martyr
537 4467 713 4537 beatissime,
728 4473 761 4527 nt
779 4484 833 4527 nos
851 4482 956 4526 manns
998 4470 1082 4540 verit,
1098 4468 1159 4543 ipsa
1186 4468 1335 4526 moriatur.
1352 4465 1409 4524 Sed
1436 4465 1507 4540 quid
1534 4467 1658 4539 prodest,
1674 4470 1698 4526 si
1727 4468 1758 4527 in
1786 4485 1856 4529 eum

92 4567 150 4620 tuae
177 4559 320 4621 orationis
342 4559 443 4634 erigat,
459 4573 533 4634 quos
555 4565 650 4618 reatus
666 4559 759 4617 nostri
776 4557 890 4632 pondus
909 4526 1134 4619 in-Dexeroeas
1156 4554 1325 4624 vindictam,
1339 4554 1371 4612 in
1395 4568 1453 4627 qno
1473 4554 1609 4613 vindictas
1633 4571 1760 4632 nequeas
1781 4572 1858 4615 oom-

92 4647 188 4709 lerius
209 4656 329 4724 gravat;
343 4646 553 4723 quatennsqni
576 4646 621 4704 bic
639 4654 698 4706 tuae
713 4646 830 4705 virtutis
848 4660 958 4720 praeco·
998 4662 1113 4723 pesrere
1135 4646 1277 4704 cansam?
1294 4641 1325 4700 Si
1347 4642 1425 4700 enim
1449 4643 1636 4702 contunderis
1648 4658 1681 4702 os
1705 4658 1856 4714 carneum,

92 4740 142 4795 nia
163 4739 278 4797 reterre
297 4736 541 4812 gaudemus,illic
564 4745 622 4796 tuae
646 4736 833 4796 beatitudinis
848 4743 958 4811 partem
999 4741 1043 4793 eet
1066 4733 1117 4807 qui
1137 4730 1260 4789 interius
1280 4727 1399 4786 fabricet
1419 4727 1511 4797 aliud,
1525 4728 1603 4803 quod
1627 4728 1746 4803 quidem
1764 4731 1857 4805 possis

92 4824 231 4902 aliquam
258 4826 428 4884 sentiamus.
443 4825 497 4884 Per
520 4825 677 4884 Dominum
700 4830 832 4885 nostrum
858 4824 958 4884 lesum
1000 4822 1112 4892 audire,
1130 4816 1270 4878 sednuila
1282 4813 1380 4875 valeas
1393 4815 1648 4875 animadversione
1663 4817 1789 4890 punire;
1805 4817 1857 4876 ille

92 4915 261 4986 Christum,
282 4914 333 4987 qui
352 4929 420 4973 cnm
438 4912 521 4972 Patre
543 4918 571 4970 et
590 4911 701 4988 Spiritu
720 4919 818 4972 sancto
835 4911 909 4971 vivit
932 4917 960 4971 et
1000 4910 1145 4981 videlicet,
1160 4909 1210 4983 qui
1226 4906 1377 4981 discipulis
1393 4905 1455 4965 suis
1463 4905 1553 4965 dicit:
1572 4927 1587 4961 1
1603 4906 1664 4980 Ego
1682 4907 1755 4966 dabo
1773 4905 1857 4966 vobis

62 5039 66 5046 .
93 5008 201 5076 regnat
216 5003 380 5076 peremnia
391 5002 501 5062 saecula
517 5000 701 5063 saeculorum.
715 5005 821 5062 Amen.
1000 5017 1033 5061 os
1047 5008 1075 5061 et
1089 4998 1271 5075 sapientiam,
1290 4997 1338 5056 cui
1350 5011 1410 5056 non
1429 5001 1564 5071 poterunt
1583 4996 1723 5066 resistere,
1738 5000 1766 5054 et
1788 5010 1858 5054 con-

402 5108 526 5169 311111)
541 5108 660 5167 xmp,
1001 5091 1141 5151 tradicere
1163 5103 1265 5148 omnes
1278 5084 1437 5146 adversarii
1456 5084 1546 5144 vestri
1563 5088 1641 5154 (buc.
1666 5087 1744 5154 11111).
1760 5107 1775 5133 1·
1791 5082 1856 5156 llle,

129 5211 176 5260 111.
197 5209 238 5256 nn
253 5209 366 5257 saxeno
388 5210 572 5258 1101111111
591 5210 725 5258 nntscoeo
741 5210 924 5258 1111111111
1001 5175 1199 5253 1111311111
1220 5174 1291 5234 dicit
1307 5193 1314 5233 ²
1333 5198 1344 5225 “
1360 5172 1425 5232 11011
1449 5171 1591 5243 10111111,
1612 5172 1665 5249 qni
1687 5169 1856 5247 1011111111,

336 5271 728 5343 manumittuntur..)
1002 5267 1053 5327 sed
1089 5266 1216 5340 Spiritus
1239 5263 1332 5323 Patris
1359 5261 1447 5320 vestri
1474 5261 1526 5336 qui
1550 5259 1682 5335 loquitur
1706 5261 1739 5320 in
1774 5259 1858 5320 vobis

128 5356 319 5418 Audivimus
337 5356 432 5430 bodie,
453 5358 556 5417 tratres
580 5357 754 5432 charissimi,
780 5357 960 5433 insuperabi·
1003 5360 1116 5430 (1111111.
1132 5359 1210 5427 xi.»

90 5445 153 5506 lem
180 5444 294 5505 Christi
313 5443 416 5505 militis
437 5445 648 5518 tortitudinem,
668 5446 837 5508 audivimus
856 5447 960 5506 trium·
1040 5446 1096 5507 sm
1109 5445 1216 5504 iterum
1228 5441 1260 5501 in
1273 5454 1387 5499 carcere
1409 5436 1544 5497 horrifico
1566 5435 1722 5510 clauditur,
1744 5435 1857 5510 gravis·

89 5537 221 5612 pbalem
240 5536 389 5611 apostolici
414 5536 550 5611 martyris
572 5537 746 5612 passionem.
766 5535 909 5596 Mirabilis
928 5535 961 5596 in
1003 5536 1078 5596 simo
1103 5540 1270 5594 catenarum
1291 5529 1418 5604 pondere
1430 5525 1598 5601 impeditur,
1616 5525 1648 5584 in
1661 5523 1743 5600 ligno
1755 5529 1858 5583 exten-

88 5624 344 5700 persequentibus
366 5641 475 5703 pngna,
488 5626 629 5688 mirabilis
651 5627 682 5686 in
704 5632 853 5703 persecuto
870 5625 961 5688 victo·
1003 5624 1093 5697 ditur,
1108 5620 1189 5684 omni
1205 5619 1411 5681 alimentorum
1431 5614 1639 5677 sustentatione
1654 5614 1796 5689 privatur.
1810 5611 1858 5672 Ad
