4100 6209
141 287 196 350 509
348 328 354 335 ,
937 290 1063 352 stulto
1080 293 1102 352 I.
1844 300 1898 363 510

139 412 275 471 ardentes
289 411 318 470 in
337 411 474 471 manibus
490 412 592 471 vestris
606 416 680 479 1100.
697 416 760 480 xut.
776 434 790 467 a
808 412 1378 493 1110110001-Α1110011011110101011οω,
1394 437 1460 495 oue
1474 420 1575 480 lumen
1593 436 1681 479 suurn
1695 420 1781 481 habet
1792 439 1809 482 a
1821 424 1895 497 sole,

140 517 194 559 nas
221 499 331 573 quippe
355 499 487 558 ardentes
516 500 547 558 in
573 501 709 560 manibus
735 509 881 575 portamus
899 547 905 569 ,
934 518 1001 561 cum
1045 512 1186 564 venerunt
1205 506 1241 565 ad
1258 507 1439 568 adorandum
1456 507 1573 580 Solem;
1589 525 1714 583 quorum
1733 516 1812 583 gesta
1829 512 1898 572 dili·

138 589 283 665 proximis
307 589 413 647 nostris
431 605 485 664 per
498 591 632 664 exetnpta
655 591 740 649 bonae
763 592 937 666 operationis
952 592 1002 651 lu·
1042 601 1143 666 genter
1155 596 1272 670 singula
1285 598 1477 658 attendamus.
1496 598 1646 658 Venerunt
1658 615 1727 674 ergo
1737 600 1773 660 ab
1787 603 1898 663 oriente

137 694 249 749 cemus,
271 686 302 737 ot
325 678 435 736 eortina
461 679 602 737 cortinam
622 679 735 749 trabat;
760 702 771 731 «
793 678 889 755 etqui
907 679 998 749 audit,
1041 682 1284 760 Hierosolymam,
1312 695 1341 748 et
1366 703 1433 747 cum
1460 689 1618 758 venissent,
1650 691 1894 766 inquisiverunt:

137 769 237 828 dicat:
254 768 327 826 Veni
344 771 439 841 (Aper.
458 770 548 840 xx11l3
566 794 579 818 »
599 775 627 828 ct
644 793 658 820 α
673 769 715 828 sie
728 769 823 828 luceat
838 770 891 829 lua
906 779 1001 830 vestra
1043 793 1054 823 ι
1073 772 1128 832 Ubi
1147 782 1190 834 est
1211 777 1263 850 qui
1281 785 1368 837 natus
1383 785 1426 838 est
1437 794 1490 837 rer
1503 779 1672 840 ludaeorum
1685 784 1794 856 (Motth.
1810 788 1841 857 ut
1854 787 1893 843 t·

137 876 237 920 coram
266 860 445 931 horninibus,
473 866 505 919 ut
533 860 665 918 videntes
691 876 777 935 opera
805 866 899 919 vestra
924 863 1000 921 bona
1041 860 1113 920 Cum
1133 866 1332 937 pervenissent
1351 867 1385 925 ad
1403 868 1509 939 locum,
1525 868 1727 942 prociderunt;
1744 889 1810 932 eum
1827 892 1895 951 pro·

137 951 302 1025 glorificent
322 950 447 1020 Patrem,
467 950 519 1022 qui
539 949 570 1007 in
592 950 674 1007 ecelis
696 957 738 1008 est
761 953 869 1022 11110111.
887 955 926 1020 vt,
942 974 955 1002 ι»
972 958 1000 1010 01
1040 949 1194 1023 cidissent,
1223 953 1437 1026 adoraverunt;
1468 972 1535 1017 cum
1562 958 1748 1033 adorassent,
1773 978 1896 1025 munera

136 1044 259 1097 currant
284 1036 368 1097 multi
394 1038 423 1095 in
448 1037 564 1096 odorem
587 1043 803 1109 ungnentorum
834 1045 999 1099 nostrorum
1040 1037 1218 1099 obtulerunt.
1231 1041 1387 1102 Venerunt
1400 1059 1468 1115 ergo
1480 1044 1655 1120 infatigabili
1668 1047 1775 1122 labore,
1792 1053 1893 1128 triqui-

135 1130 231 1197 (canr,
247 1130 279 1197 1).
1039 1127 1168 1189 siverunt
1181 1132 1301 1205 provida
1311 1133 1518 1206 sollieitudine,
1531 1136 1719 1210 prociderunt
1730 1141 1825 1201 debita
1842 1144 1894 1203 hu·

36 1282 37 1285 ¹
176 1214 267 1275 Stella
286 1215 362 1274 locet
375 1214 462 1272 etiam
484 1215 516 1274 in
539 1220 631 1285 nocte,
647 1221 675 1272 et
691 1228 753 1283 nos,
771 1215 884 1284 tratres,
898 1213 928 1272 in
944 1229 997 1273 no·
1039 1216 1211 1289 miliatione,
1229 1220 1422 1281 adoraverunt
1451 1224 1556 1283 mentis
1584 1225 1750 1300 devotione,
1771 1246 1894 1292 munera

133 1312 182 1364 cte
211 1304 299 1377 buius
328 1300 428 1361 saeenli
455 1304 614 1372 luceamus
634 1303 797 1361 secundum
824 1303 901 1376 quod
926 1302 997 1361 scri·
1039 1306 1208 1367 obtulerunt
1225 1309 1337 1385 integra
1350 1311 1418 1370 fidei
1434 1313 1575 1388 religione
1584 1338 1592 1385 ;
1617 1338 1630 1365 ο
1648 1324 1676 1375 et
1689 1317 1857 1381 obtulerunt
1868 1323 1895 1382 ei

133 1402 219 1468 ptum
237 1400 279 1451 est
295 1416 301 1449 ι
318 1415 331 1441 s
347 1390 425 1451 luter
444 1407 517 1466 quos
537 1391 649 1461 lucetis,
666 1393 750 1467 qnasi
765 1392 923 1451 luminaria
936 1392 997 1450 fixa
1038 1409 1154 1466 aurum,
1179 1398 1245 1457 tbus
1273 1407 1301 1457 et
1326 1402 1477 1473 myrrham
1500 1404 1601 1475 1111111.
1623 1426 1633 1455 ι
1662 1405 1734 1465 Fece
1758 1411 1896 1482 primiuae

130 1482 165 1541 in
205 1482 388 1540 firmamento
418 1485 501 1553 (Phil.
529 1484 570 1551 11).
598 1502 611 1534 u
648 1482 753 1541 Contra
793 1481 996 1539 haereticorum
1038 1485 1169 1555 gentium
1199 1487 1294 1561 primo
1318 1504 1420 1562 puram
1434 1496 1462 1547 et
1475 1489 1617 1563 integram
1642 1494 1730 1552 tidem
1756 1496 1892 1557 oderunt.

130 1569 270 1629 tenebras
288 1570 439 1643 sapientiae
464 1569 578 1629 lumine
601 1568 819 1642 splendeamus,
839 1569 909 1644 quia
930 1568 999 1626 scri·
1038 1571 1212 1633 Obtulerunt
1225 1575 1304 1634 enim
1318 1578 1388 1635 thus
1401 1578 1471 1649 Deo,
1486 1580 1637 1654 myrrham
1653 1583 1778 1656 mortali,
1790 1601 1895 1645 aurum

129 1666 217 1734 ptum
230 1666 295 1717 est:
316 1682 326 1709 ·
344 1658 441 1731 Capite
453 1657 538 1716 nohis
553 1656 732 1731 vulpeculas,
745 1670 811 1731 quen
825 1656 994 1715 demoliun-
1038 1665 1109 1736 regi.
1125 1663 1208 1724 Thus
1231 1682 1282 1740 per
1306 1666 1393 1725 fidem
1422 1668 1594 1740 divinitatis,
1615 1673 1764 1746 myrrham
1791 1690 1842 1749 per
1859 1676 1893 1733 u-

130 1748 313 1808 terrineam
333 1745 449 1804 Domitii
465 1747 555 1813 (Osmi-
570 1749 612 1813 11)-
635 1744 783 1819 ”Propter
799 1745 875 1819 huod
897 1744 1106 1832 Domi-fldem
1147 1753 1349 1827 humanitatis,
1378 1756 1440 1814 sive
1477 1758 1672 1831 mortalitatis,
1697 1776 1806 1821 aurum
1845 1779 1895 1837 per

130 1854 190 1897 uvas
216 1836 312 1910 inquit
338 1854 344 1893 :
371 1834 501 1892 «Estote
519 1833 674 1907 prudentes
699 1834 775 1891 sicut
798 1840 953 1906 serpentes
969 1839 996 1890 et
1040 1842 1128 1900 fidem
1154 1843 1242 1915 regtae
1264 1845 1424 1917 dygnjyang
1439 1846 1506 1905 yujy
1531 1849 1612 1907 enim
1636 1849 1714 1910 peu,
1740 1858 1768 1910 ey
1793 1852 1893 1922 homo,

130 1922 281 2001 simplices
298 1923 373 1982 sicut
391 1922 536 1981 ffltssmbae
555 1922 664 1991 ruauh.
686 1926 726 1991 111-
746 1944 756 1971 ·
780 1920 919 1994 5100th
939 1920 996 1977 fta·
1039 1931 1223 2003 Emmanuel,
1239 1935 1378 1991 uobiscum
1392 1939 1473 2001 Deio,
1488 1952 1555 1996 eum
1576 1937 1669 1997 tactus
1688 1946 1732 1999 est
1755 1942 1844 2002 simul
1863 1942 1894 2002 in

131 2021 201 2085 tres,
217 2013 253 2071 ad
273 2028 376 2072 verum
396 2011 486 2071 solem
504 2012 663 2085 poterimus
686 2013 845 2086 pervenire.
859 2012 883 2070 si
899 2011 996 2085 Virgi·
1039 2036 1132 2079 unum
1149 2020 1231 2079 dives
1245 2027 1273 2079 et
1287 2037 1406 2097 pauper,
1421 2023 1535 2099 luitque
1548 2041 1586 2083 ex
1600 2027 1679 2101 regia
1692 2027 1780 2100 tribu,
1795 2045 1897 2090 seeun-

132 2106 182 2163 nis
194 2112 225 2162 et
237 2102 330 2163 stellae
347 2109 454 2162 nostrae
470 2103 590 2175 vestigia
606 2103 751 2163 luerinrus
765 2103 881 2161 imitati.
1039 2109 1111 2169 dnm
1136 2110 1214 2185 qnod
1238 2110 1268 2167 in
1292 2112 1355 2185 ejus
1375 2111 1543 2185 genealogia
1562 2113 1757 2176 describitur:
1777 2140 1787 2170 ι
1807 2117 1896 2178 Liber

171 2194 206 2252 In
227 2193 287 2251 sole
305 2199 399 2252 autem
426 2192 557 2266 quinque
577 2192 777 2267 principaliter
795 2191 995 2250 attenduntur.
1038 2196 1232 2271 generationis
1256 2197 1326 2257 lesu
1345 2198 1452 2258 Christi
1479 2199 1533 2258 lilii
1554 2200 1658 2274 David,
1677 2201 1732 2261 lilii
1746 2205 1894 2271 Abraham

133 2283 183 2344 Sol
211 2283 459 2342 incommutabilis
487 2288 530 2341 est
555 2283 586 2339 in
615 2298 656 2351 se,
676 2299 743 2342 cum
772 2282 843 2342 luna
872 2282 997 2355 singulis
1039 2287 1147 2358 1110111.
1162 2287 1193 2357 11,
1210 2309 1224 2337 ι»
1245 2292 1298 2344 ete.
1592 2302 1615 2342 ·.

133 2375 289 2436 mensibus
302 2380 506 2435 commutetur.
518 2374 552 2431 In
563 2373 623 2433 sole
639 2381 681 2432 est
695 2374 776 2433 nulla
793 2373 916 2445 macula,
929 2389 996 2433 eom
1076 2374 1127 2433 Vel
1140 2375 1306 2434 obtulerunt
1317 2376 1381 2434 haee
1391 2376 1445 2433 tria
1460 2375 1638 2435 humanitati
1650 2377 1769 2452 Christi,
1783 2396 1892 2442 aurum

132 2484 250 2542 semper
277 2467 388 2525 macuta
405 2467 443 2525 sit
460 2468 490 2525 in
508 2467 587 2525 tona.
605 2465 654 2525 Sol
675 2466 760 2524 babet
782 2466 996 2541 plenitudinem
1039 2465 1110 2536 regi,
1127 2463 1266 2523 sacerdoti
1280 2465 1357 2534 thus,
1374 2464 1522 2537 myrrham
1537 2463 1663 2525 mortali.
1681 2466 1748 2528 Fuit
1762 2470 1840 2531 enim
1854 2488 1893 2531 err

133 2556 271 2625 luminis,
291 2570 309 2613 a
331 2570 388 2630 quo
412 2560 442 2612 et
465 2553 523 2612 alia
545 2554 702 2612 luminaria
721 2554 820 2612 lumen
840 2554 993 2628 accipiunt.
1038 2553 1115 2627 regia
1141 2558 1169 2612 et
1192 2552 1360 2612 sacerdotali
1384 2552 1470 2611 tribu.
1492 2554 1559 2612 Fuit
1576 2571 1639 2625 rex,
1656 2556 1725 2627 quia
1745 2557 1847 2619 babuit
1863 2558 1894 2618 in

136 2645 186 2705 Sol
212 2644 281 2702 licet
306 2642 344 2701 sit
373 2642 575 2713 immutabitis,
596 2642 743 2701 interdum
771 2648 868 2700 mmen
890 2642 997 2714 patitur
1039 2643 1220 2713 vestimento,
1235 2648 1262 2700 et
1286 2643 1315 2700 in
1347 2643 1455 2701 temore
1480 2659 1534 2701 suo
1559 2643 1832 2719 seriptum:«Rex
1853 2665 1894 2708 re

135 2733 289 2808 eclypsim.
307 2732 354 2792 Sol
377 2748 491 2805 semper
504 2730 528 2786 5
543 2731 619 2791 lucet
637 2732 668 2790 in
687 2731 744 2790 die.
767 2730 822 2790 Sed
842 2732 941 2790 cadem
964 2731 995 2789 in
1037 2747 1117 2806 gum,
1133 2739 1161 2789 et
1180 2730 1321 2790 Dominus
1347 2731 1561 2791 dominantium
1585 2733 1680 2806 (apoc.
1702 2737 1775 2811 xrx).
1795 2760 1806 2789 »
1827 2737 1895 2796 Fuit

137 2838 206 2881 vero
222 2819 284 2880 sole
299 2828 396 2879 nostro
414 2819 536 2879 sollicite
555 2820 772 2893 investigemus.
791 2820 841 2880 Sol
855 2820 886 2878 in
903 2835 935 2878 se
948 2819 997 2877 in·
1037 2830 1065 2882 et
1082 2822 1214 2881 sacerdos
1239 2821 1400 2881 secundum
1423 2822 1554 2880 ordinem
1579 2822 1789 2884 Melchisedech
1808 2829 1894 2900 (Psoi.

135 2910 997 2985 commutabiliscstetipseChristussecundumdivinitatis
1036 2918 1109 2983 clx),
1138 2911 1213 2986 regis
1243 2910 1350 2983 Salem,
1379 2911 1432 2988 qui
1459 2912 1590 2971 sacerdos
1618 2912 1674 2971 luit
1703 2910 1756 2974 Dei
1784 2917 1893 2975 summi

136 3003 298 3082 potentiam
319 3017 433 3076 semper
456 3001 704 3063 incommutabilis
723 3009 897 3075 perseverat.
912 3001 996 3062 Unde
1038 3002 1141 3072 1110000.
1158 3011 1229 3071 1111;
1245 3001 1326 3059 Hebr.
1343 3000 1404 3073 vn),
1420 3000 1490 3074 onia
1504 3016 1564 3059 non
1578 3016 1629 3075 per
1641 3003 1817 3075 sangninem
1832 3003 1895 3062 bir-

137 3097 199 3172 ipse
211 3093 254 3153 ait
271 3110 278 3149 :
300 3090 386 3163 «ugo
405 3105 471 3148 som
489 3090 577 3162 Deus,
597 3096 624 3148 ct
640 3106 700 3150 non
719 3097 816 3152 mutor
830 3095 911 3160 (1101.
927 3096 970 3161 ru)
985 3110 991 3149 :
1006 3104 1149 3191 Georum,
1166 3097 1216 3148 aut
1229 3089 1399 3162 vitulorum,
1420 3090 1470 3148 sed
1489 3106 1539 3164 per
1550 3091 1702 3165 proprium
1715 3090 1891 3165 sanguinem

135 3183 213 3259 apud
233 3184 323 3255 quem
341 3194 400 3238 non
418 3187 461 3239 est
475 3180 687 3251 transmutatio,
707 3196 762 3239 nec
783 3179 995 3239 vicissitudinis
1037 3179 1168 3240 introivit
1194 3179 1283 3239 semel
1310 3180 1340 3238 in
1359 3187 1468 3250 sancta,
1488 3188 1598 3239 aeterna
1627 3179 1823 3256 redemptione
1847 3180 1893 3240 in-

135 3269 323 3331 obumbratio
344 3272 410 3337 1100.
429 3272 456 3339 rt.
473 3294 487 3317 n
512 3268 546 3327 In
573 3268 633 3327 sole
649 3267 732 3327 nulla
749 3276 791 3327 est
814 3269 950 3339 macula;
968 3276 995 3326 et
1037 3276 1121 3331 venta
1146 3273 1238 3345 (Hebe.
1254 3272 1308 3344 tx).
1330 3269 1499 3331 «Conversi
1523 3271 1603 3330 eninr
1628 3288 1732 3333 sumus
1745 3272 1781 3332 ad
1795 3264 1892 3347 pasto·

136 3362 198 3435 ipse
210 3364 266 3428 est,
281 3356 332 3433 qui
344 3356 529 3431 singulariter
549 3356 699 3430 ingressus
712 3363 754 3415 est
768 3358 911 3415 mundum
932 3356 995 3415 sine
1036 3376 1096 3419 rem
1112 3366 1141 3418 et
1153 3359 1317 3434 episcopum
1332 3359 1497 3419 animarum
1514 3368 1677 3421 nostrarum
1693 3367 1718 3419 11
1730 3367 1802 3421 Pete.
1819 3365 1861 3436 11).
1879 3388 1892 3415 t

139 3449 254 3509 macula
274 3471 284 3498 ι
302 3447 354 3522 uui
379 3452 526 3520 peecatum
552 3461 612 3505 non
634 3447 711 3517 lecit,
729 3462 782 3505 nec
801 3447 938 3505 inventus
954 3453 997 3505 est
1036 3448 1105 3508 Fuit
1119 3450 1207 3509 etiam
1223 3445 1247 3504 6
1261 3450 1403 3523 mortalis,
1420 3451 1489 3524 qnia
1506 3475 1520 3500 α
1532 3466 1599 3509 vere
1615 3449 1770 3523 languores
1783 3457 1895 3512 nostros

135 3539 222 3598 dolus
245 3538 278 3596 in
299 3552 349 3595 ore
362 3536 425 3609 ejus
450 3539 529 3604 (teat.
544 3540 617 3605 otu).
639 3558 650 3587 »
673 3534 721 3594 Sol
737 3535 824 3594 habet
837 3536 995 3611 plenitudi·
1037 3538 1098 3612 ipse
1112 3537 1188 3607 tulit,
1204 3546 1232 3596 et
1244 3538 1356 3597 dolores
1371 3545 1485 3598 nostros
1503 3539 1565 3611 ipse
1585 3539 1710 3612 portavit
1725 3542 1789 3613 (tra.
1804 3540 1890 3611 tritt»

138 3647 205 3689 nem
220 3627 343 3688 luminis
352 3645 359 3697 ;
371 3632 400 3685 et
417 3625 449 3685 in
466 3640 500 3684 eo
521 3625 821 3701 habitavitplenitudo
832 3626 996 3685 divinitatis
1037 3628 1067 3688 in
1083 3643 1200 3703 corpore
1214 3644 1266 3687 suo
1280 3643 1367 3700 super
1378 3628 1501 3701 lignum.

135 3718 325 3794 corporaliter
335 3718 401 3787 1001.
417 3717 457 3787 ut,
477 3716 524 3775 cui
553 3730 611 3774 nou
635 3722 677 3773 est
702 3715 787 3774 datus
808 3714 937 3788 Spiritus
959 3714 996 3772 ad
1073 3717 1143 3775 Haec
1170 3717 1271 3776 eadem
1291 3718 1352 3791 ipsa
1370 3712 1468 3791 Virgo,
1487 3715 1570 3775 stella
1589 3716 1687 3789 maris,
1706 3717 1811 3778 obtulit
1832 3717 1893 3778 Soli

139 3822 310 3867 mensuram
334 3810 424 3873 (toan.
441 3809 493 3876 ur),
508 3804 567 3863 imo
586 3803 622 3861 de
637 3803 820 3878 plenitudine
837 3804 900 3876 ejus
915 3819 995 3863 acce·
1037 3811 1105 3865 nato
1117 3822 1171 3865 suo
1190 3807 1222 3865 in
1240 3821 1362 3881 persona
1378 3821 1440 3865 sua.
1457 3806 1567 3867 Obtulit
1585 3808 1664 3866 enim
1684 3824 1788 3867 aurum
1808 3810 1895 3881 regia

138 3899 238 3971 pimus
251 3912 353 3955 omnes
366 3896 486 3968 gratiam
500 3910 552 3968 pro
566 3895 657 3967 gratia
670 3896 755 3965 (teon.
769 3896 799 3967 1),
810 3894 925 3969 qnando
939 3911 993 3953 un·
1038 3894 1197 3969 dignitatis,
1214 3897 1282 3968 quia
1300 3893 1356 3953 tuit
1379 3893 1441 3967 ipsa
1467 3894 1502 3953 de
1523 3895 1601 3971 regia
1623 3896 1712 3969 tribu,
1732 3896 1894 3957 secundum

136 3993 282 4060 guentam
309 4001 326 4042 a
347 3984 439 4056 capite
457 3982 606 4041 deseendit
623 3997 715 4056 usque
733 3982 768 4040 ad
790 3981 962 4052 bechamet
980 3998 997 4040 a
1038 3983 1116 4057 qnod
1143 3983 1173 4042 in
1197 3983 1275 4042 dicta
1296 3983 1464 4059 genealogia
1491 3984 1596 4058 legitur
1617 4008 1623 4043 :
1652 3985 1768 4046 ‹tamt›
1792 3987 1895 4061 genuit

139 4076 228 4135 barba
243 4074 364 4134 stillavit
379 4074 409 4131 in
424 4089 505 4133 oram
520 4074 683 4133 vestimenti
700 4078 785 4143 (Psoi.
802 4081 934 4143 cxxxu).
948 4073 997 4135 Sol
1037 4075 1142 4149 loseph
1154 4075 1251 4133 virum
1265 4072 1375 4141 Mariae,
1391 4073 1427 4131 de
1443 4089 1500 4148 qua
1511 4080 1598 4133 natus
1609 4080 1653 4134 est
1666 4074 1762 4148 lesus,
1776 4076 1828 4149 qui
1845 4092 1894 4135 vo-

137 4166 287 4225 interdum
301 4165 408 4239 patitur
421 4164 560 4239 eclypsim
572 4184 580 4235 ;
593 4172 622 4222 et
635 4165 697 4237 ipse
710 4164 842 4224 Christus
855 4164 996 4239 eclypsim
1039 4174 1119 4226 catur
1145 4164 1277 4225 Christos
1300 4165 1408 4233 1110111.
1434 4166 1461 4237 1).
1483 4184 1498 4217 »
1519 4162 1629 4223 Obtulit
1654 4164 1742 4224 etiam
1770 4164 1838 4223 thus
1866 4170 1895 4224 et

139 4258 241 4315 mortis
258 4272 358 4331 passus
373 4256 460 4314 estin
475 4255 749 4329 passione,quandn
768 4257 886 4314 recessit
899 4254 998 4319 Pastor
1039 4255 1185 4329 myrrham
1203 4272 1210 4322 ;
1226 4251 1305 4313 unde
1324 4253 1354 4311 in
1370 4251 1488 4312 (lantino
1500 4253 1607 4312 amoris
1621 4253 1684 4313 brec
1701 4253 1760 4313 duo
1780 4252 1810 4311 in
1832 4253 1893 4328 ipsa

136 4344 251 4415 orium,
274 4359 385 4418 ponens
407 4343 536 4402 animam
558 4358 611 4416 pro
631 4342 737 4401 ovibus
758 4342 819 4401 suis
834 4346 925 4411 (1000.
951 4347 995 4412 x),
1035 4346 1211 4419 junguntur,
1226 4343 1278 4402 nbi
1293 4343 1418 4402 dicitur:
1438 4367 1450 4394 ι
1468 4343 1593 4414 Quaeest
1606 4342 1670 4416 ista,
1685 4358 1753 4418 quaa
1767 4344 1895 4403 ascendit

139 4440 199 4492 eet
227 4433 366 4493 inclinato
389 4433 480 4508 capite
501 4432 599 4492 emisit
623 4433 757 4506 spiritum
777 4436 961 4501 (1000110).
980 4454 993 4481 v
1004 4452 1088 4546 I'per
1103 4436 1249 4495 desertum
1264 4433 1339 4493 sieut
1352 4433 1468 4508 virgula
1481 4433 1555 4493 lumi
1569 4448 1608 4492 ex
1619 4433 1796 4493 aromatibus
1816 4450 1893 4509 myr-

137 4523 190 4583 Sol
204 4539 318 4597 semper
330 4523 407 4582 lucet
424 4523 455 4581 in
474 4523 540 4595 die;
556 4529 585 4580 et
599 4523 661 4596 ipse
673 4520 827 4601 Dominus,
842 4528 995 4594 postquam
1039 4526 1112 4594 rhm,
1141 4531 1168 4582 01
1196 4524 1299 4592 thuris,
1329 4522 1458 4581 universi
1484 4523 1615 4597 pulveris
1644 4523 1855 4598 pigmentarii?
1880 4548 1893 4573 »

137 4612 316 4687 resurgendo
338 4612 517 4685 consumpsit
533 4611 666 4669 tenebras
680 4604 786 4669 nostra
803 4610 993 4679 mortalitatis,
1041 4615 1126 4681 tdnnt.
1138 4614 1189 4684 1111
1203 4611 1322 4684 Myrrha
1333 4616 1409 4667 arcet
1427 4624 1541 4668 vermes
1554 4624 1571 4667 a
1583 4610 1751 4684 corporibus
1766 4616 1893 4670 mortuo-

137 4718 380 4776 sresurgensex
403 4697 995 4774 0011010100]0000001101,οο01111
1039 4721 1115 4770 rum,
1128 4710 1156 4761 et
1182 4703 1243 4777 ipsa
1266 4715 1384 4774 corpora
1410 4706 1559 4758 conservat
1578 4715 1595 4757 a
1613 4700 1808 4774 corruptione,
1825 4715 1892 4774 pro·

135 4793 495 4854 nttranondominabitur
511 4798 597 4862 (hom.
614 4798 699 4860 vn.»
723 4789 778 4850 Sed
796 4789 892 4848 locem
910 4788 995 4847 habi·
1041 4798 1101 4867 pter
1126 4790 1203 4866 quod
1231 4788 1404 4848 Nicodemus
1426 4787 1521 4847 attulit
1548 4787 1700 4846 misturam
1719 4790 1846 4863 myrrhae
1864 4793 1892 4844 et

137 4890 180 4940 tat
205 4881 433 4940 inaccessibilem
449 4884 470 4946 (l
488 4885 557 4937 rim.
573 4885 626 4951 vt),
643 4888 670 4937 01
685 4879 715 4937 in
732 4895 766 4938 eo
786 4878 913 4936 tenebrae
937 4893 995 4936 non
1039 4881 1116 4940 alnes
1139 4879 1314 4953 1100011111),
1336 4883 1367 4936 nt
1383 4875 1513 4937 condiret
1527 4891 1632 4950 eorpus
1650 4876 1730 4936 Jesu.
1745 4875 1800 4934 Per
1814 4891 1894 4950 myr-

135 4973 296 5032 suntnltaa
311 4976 338 5041 (1
350 4976 428 5030 toan.
447 4977 476 5045 r).
498 4972 585 5029 llunc
605 4970 685 5029 solus
698 4970 797 5045 aquila
816 4968 996 5028 loannesir·
1040 4968 1123 5026 rham
1147 4982 1214 5040 ergo
1237 4963 1335 5025 carnis
1356 4962 1506 5037 integritas
1532 4962 1716 5037 designatur,
1741 4963 1808 5022 thus
1827 4978 1895 5021 vcro

138 5062 333 5121 reverberatis
363 5061 526 5120 luminibus
552 5060 677 5119 intuitus
706 5060 804 5117 estin
832 5065 893 5118 rota
919 5073 996 5129 sua,
1040 5057 1146 5116 mentis
1170 5055 1308 5130 exprimit
1336 5054 1528 5113 devotionem.
1557 5052 1634 5111 Beue
1662 5067 1729 5126 ergo
1751 5051 1798 5111 bae
1828 5052 1895 5111 dum

133 5148 632 5223 000011000οο01100010010000
653 5147 677 5206 si
702 5147 787 5220 paulo
815 5147 903 5207 altius
920 5147 996 5205 inte-
1039 5147 1147 5221 speeies
1164 5147 1194 5204 in
1214 5146 1307 5216 stella,
1324 5152 1352 5203 et
1371 5144 1450 5218 virga
1475 5150 1571 5201 nostra
1586 5142 1764 5217 junguntur,
1779 5140 1848 5215 uuia
1864 5142 1894 5200 in

135 5239 259 5308 unisset,
281 5246 356 5297 totus
381 5238 510 5296 mundus
534 5253 601 5297 eum
629 5252 730 5313 capere
760 5254 817 5297 non
848 5238 996 5312 potuisset,
1040 5236 1153 5313 virgine
1178 5235 1268 5294 Maria
1296 5233 1392 5293 carnis
1415 5230 1575 5307 integritas,
1599 5237 1627 5289 et
1651 5230 1757 5289 mentis
1782 5230 1895 5289 devotio

133 5328 298 5401 inquiens:
324 5326 388 5385 -ln
418 5326 560 5401 principio
585 5333 646 5385 erat
672 5326 851 5393 Verbumct
869 5325 997 5384 Verbum
1040 5341 1153 5399 semper
1192 5324 1319 5382 indivisa
1346 5325 1524 5379 manserunt.
1554 5320 1589 5378 St
1612 5319 1715 5378 merito
1742 5318 1858 5377 additur
1887 5339 1894 5377 ι

132 5420 202 5475 erat
224 5415 299 5490 apud
325 5416 429 5489 Deum,
444 5420 472 5473 ot
496 5416 573 5476 Deus
602 5424 662 5475 erat
687 5415 816 5474 Verbum
830 5418 917 5485 (1000.
935 5416 964 5486 rt.
982 5437 995 5464 u
1043 5438 1055 5464 ιι
1073 5413 1204 5472 universi
1216 5411 1345 5486 pulveris
1355 5408 1559 5484 pigmentarii;
1576 5433 1588 5460 v
1603 5409 1674 5482 quia
1684 5407 1746 5481 ipsa
1757 5407 1828 5466 adeo
1842 5407 1896 5465 luit

177 5505 251 5581 llngi
267 5523 336 5583 ergo
352 5506 511 5566 illuminati
525 5522 543 5565 a
556 5507 616 5566 sole
633 5507 756 5566 veniunt
768 5506 804 5564 ad
821 5505 927 5576 Solem,
945 5504 997 5580 qui
1040 5503 1125 5564 donis
1150 5501 1276 5579 Spiritus
1297 5500 1387 5559 saneti
1410 5500 1524 5571 referta,
1549 5502 1581 5557 ut
1606 5497 1709 5561 audire
1733 5495 1892 5559 meruerit:

175 5606 241 5670 11111)
257 5608 345 5675 breg„
362 5607 455 5662 homtl.
471 5609 499 5661 ta
517 5610 545 5662 in
569 5611 669 5675 evang.
