<?xml version="1.0" encoding="UTF-8"?>
<!DOCTYPE html PUBLIC "-//W3C//DTD XHTML 1.0 Transitional//EN"
    "http://www.w3.org/TR/xhtml1/DTD/xhtml1-transitional.dtd">
<html xmlns="http://www.w3.org/1999/xhtml" xml:lang="en" lang="en">
 <head>
  <title>
</title>
<meta http-equiv="Content-Type" content="text/html;charset=utf-8" />
  <meta name='ocr-system' content='tesseract 3.04.00' />
  <meta name='ocr-capabilities' content='ocr_page ocr_carea ocr_par ocr_line ocrx_word'/>
</head>
<body>
  <div class='ocr_page' id='page_1' title='image "./patrologiaecurs123unkngoog_0264.png"; bbox 0 0 4100 6209; ppageno 0'>
   <div class='ocr_carea' id='block_1_1' title="bbox 136 323 1891 396">
    <p class='ocr_par' dir='ltr' id='par_1_1' title="bbox 136 323 1891 396">
     <span class='ocr_line' id='line_1_1' title="bbox 136 323 1891 396; baseline -0.01 0"><span class='ocrx_word' id='word_1_1' title='bbox 136 323 188 383; x_wconf 78' lang='lat'>5¹7</span> <span class='ocrx_word' id='word_1_2' title='bbox 913 326 1037 389; x_wconf 80' lang='lat' dir='ltr'>SERMO</span> <span class='ocrx_word' id='word_1_3' title='bbox 1055 327 1108 387; x_wconf 89' lang='grc' dir='ltr'><strong>ΙΙΙ.</strong></span> <span class='ocrx_word' id='word_1_4' title='bbox 1837 335 1891 396; x_wconf 73' lang='lat'>518</span> 
     </span>
    </p>
   </div>
   <div class='ocr_carea' id='block_1_2' title="bbox 110 448 1950 4112">
    <p class='ocr_par' dir='ltr' id='par_1_2' title="bbox 110 448 1950 4112">
     <span class='ocr_line' id='line_1_2' title="bbox 137 448 1889 532; baseline 0.005 -24"><span class='ocrx_word' id='word_1_5' title='bbox 137 451 199 522; x_wconf 89' lang='lat' dir='ltr'>bac,</span> <span class='ocrx_word' id='word_1_6' title='bbox 218 448 384 524; x_wconf 75' lang='lat' dir='ltr'><strong>condasque</strong></span> <span class='ocrx_word' id='word_1_7' title='bbox 402 452 432 509; x_wconf 93' lang='lat' dir='ltr'>in</span> <span class='ocrx_word' id='word_1_8' title='bbox 453 452 585 525; x_wconf 90' lang='lat' dir='ltr'>sepulcro</span> <span class='ocrx_word' id='word_1_9' title='bbox 604 453 748 527; x_wconf 82' lang='lat' dir='ltr'>majorum</span> <span class='ocrx_word' id='word_1_10' title='bbox 767 470 899 514; x_wconf 92' lang='lat' dir='ltr'>meorum</span> <span class='ocrx_word' id='word_1_11' title='bbox 915 458 1025 525; x_wconf 74' lang='lat' dir='ltr'>(ttonA</span> <span class='ocrx_word' id='word_1_12' title='bbox 1038 452 1125 512; x_wconf 91' lang='lat' dir='ltr'>tionis</span> <span class='ocrx_word' id='word_1_13' title='bbox 1139 454 1234 512; x_wconf 84' lang='lat' dir='ltr'>erexit</span> <span class='ocrx_word' id='word_1_14' title='bbox 1246 455 1356 529; x_wconf 80' lang='lat' dir='ltr'>(Mottlr.</span> <span class='ocrx_word' id='word_1_15' title='bbox 1372 461 1412 528; x_wconf 84' lang='lat' dir='ltr'>x),</span> <span class='ocrx_word' id='word_1_16' title='bbox 1427 462 1460 514; x_wconf 90' lang='lat' dir='ltr'>nt</span> <span class='ocrx_word' id='word_1_17' title='bbox 1474 456 1601 531; x_wconf 89' lang='lat' dir='ltr'>idipsum</span> <span class='ocrx_word' id='word_1_18' title='bbox 1617 458 1800 532; x_wconf 87' lang='lat' dir='ltr'>postmodum</span> <span class='ocrx_word' id='word_1_19' title='bbox 1819 474 1889 519; x_wconf 93' lang='lat' dir='ltr'>con-</span> 
     </span>
     <span class='ocr_line' id='line_1_3' title="bbox 135 526 1889 621; baseline 0.006 -24"><span class='ocrx_word' id='word_1_20' title='bbox 135 542 239 607; x_wconf 78' lang='lat' dir='ltr'>xtvn).</span> <span class='ocrx_word' id='word_1_21' title='bbox 255 560 269 591; x_wconf 78' lang='lat' dir='ltr'>n</span> <span class='ocrx_word' id='word_1_22' title='bbox 284 538 342 596; x_wconf 79' lang='lat' dir='ltr'>Cur</span> <span class='ocrx_word' id='word_1_23' title='bbox 360 544 458 597; x_wconf 90' lang='lat' dir='ltr'>autem</span> <span class='ocrx_word' id='word_1_24' title='bbox 477 540 512 597; x_wconf 89' lang='lat' dir='ltr'>ad</span> <span class='ocrx_word' id='word_1_25' title='bbox 532 540 738 600; x_wconf 75' lang='lat' dir='ltr'>confirmandae</span> <span class='ocrx_word' id='word_1_26' title='bbox 758 542 923 616; x_wconf 83' lang='lat' dir='ltr'>sponsionis</span> <span class='ocrx_word' id='word_1_27' title='bbox 945 526 1000 602; x_wconf 76' lang='lat' dir='ltr'>in-&#39;</span> <span class='ocrx_word' id='word_1_28' title='bbox 1033 550 1141 603; x_wconf 89' lang='lat' dir='ltr'>stanter</span> <span class='ocrx_word' id='word_1_29' title='bbox 1153 551 1315 604; x_wconf 85' lang='lat' dir='ltr'>astruerent</span> <span class='ocrx_word' id='word_1_30' title='bbox 1334 547 1411 621; x_wconf 83' lang='lat' dir='ltr'>quod</span> <span class='ocrx_word' id='word_1_31' title='bbox 1436 547 1633 607; x_wconf 79' lang='lat' dir='ltr'>anxiabantur</span> <span class='ocrx_word' id='word_1_32' title='bbox 1658 555 1743 608; x_wconf 91' lang='lat' dir='ltr'>autea</span> <span class='ocrx_word' id='word_1_33' title='bbox 1763 548 1889 609; x_wconf 89' lang='lat' dir='ltr'>crudeli·</span> 
     </span>
     <span class='ocr_line' id='line_1_4' title="bbox 134 627 1888 712; baseline 0.006 -26"><span class='ocrx_word' id='word_1_34' title='bbox 134 627 255 695; x_wconf 78' lang='lat' dir='ltr'>dicium,</span> <span class='ocrx_word' id='word_1_35' title='bbox 274 627 363 685; x_wconf 88' lang='lat' dir='ltr'>Jacob</span> <span class='ocrx_word' id='word_1_36' title='bbox 387 644 508 687; x_wconf 90' lang='lat' dir='ltr'>manum</span> <span class='ocrx_word' id='word_1_37' title='bbox 528 628 581 688; x_wconf 82' lang='lat' dir='ltr'>dlii</span> <span class='ocrx_word' id='word_1_38' title='bbox 604 632 728 703; x_wconf 90' lang='lat' dir='ltr'>supponi</span> <span class='ocrx_word' id='word_1_39' title='bbox 747 632 809 689; x_wconf 88' lang='lat' dir='ltr'>suis</span> <span class='ocrx_word' id='word_1_40' title='bbox 835 632 993 691; x_wconf 85' lang='lat' dir='ltr'>semoribus</span> <span class='ocrx_word' id='word_1_41' title='bbox 1033 638 1077 690; x_wconf 91' lang='lat' dir='ltr'>ter</span> <span class='ocrx_word' id='word_1_42' title='bbox 1091 632 1273 708; x_wconf 79' lang='lat' dir='ltr'><strong>impugnare.</strong></span> <span class='ocrx_word' id='word_1_43' title='bbox 1290 634 1371 704; x_wconf 80' lang='lat' dir='ltr'>Quod</span> <span class='ocrx_word' id='word_1_44' title='bbox 1389 634 1503 709; x_wconf 80' lang='lat' dir='ltr'>Moyses</span> <span class='ocrx_word' id='word_1_45' title='bbox 1523 643 1591 696; x_wconf 86' lang='lat' dir='ltr'>tuuc</span> <span class='ocrx_word' id='word_1_46' title='bbox 1606 638 1726 709; x_wconf 90' lang='lat' dir='ltr'>mystice</span> <span class='ocrx_word' id='word_1_47' title='bbox 1741 637 1888 712; x_wconf 85' lang='lat' dir='ltr'>figuravit,</span> 
     </span>
     <span class='ocr_line' id='line_1_5' title="bbox 135 716 1888 800; baseline 0.007 -27"><span class='ocrx_word' id='word_1_48' title='bbox 135 716 227 791; x_wconf 84' lang='lat' dir='ltr'>potiit,</span> <span class='ocrx_word' id='word_1_49' title='bbox 250 716 306 774; x_wconf 91' lang='lat' dir='ltr'>nisi</span> <span class='ocrx_word' id='word_1_50' title='bbox 325 719 394 791; x_wconf 76' lang='lat' dir='ltr'>quia</span> <span class='ocrx_word' id='word_1_51' title='bbox 413 718 510 789; x_wconf 84' lang='lat' dir='ltr'>illum,</span> <span class='ocrx_word' id='word_1_52' title='bbox 530 720 581 793; x_wconf 85' lang='lat' dir='ltr'>oui</span> <span class='ocrx_word' id='word_1_53' title='bbox 602 736 717 778; x_wconf 86' lang='lat' dir='ltr'>summa</span> <span class='ocrx_word' id='word_1_54' title='bbox 739 718 784 775; x_wconf 83' lang='lat'>12</span> <span class='ocrx_word' id='word_1_55' title='bbox 804 723 910 780; x_wconf 88' lang='lat' dir='ltr'>veritas</span> <span class='ocrx_word' id='word_1_56' title='bbox 938 727 991 792; x_wconf 90' lang='lat' dir='ltr'>est,</span> <span class='ocrx_word' id='word_1_57' title='bbox 1015 737 1099 780; x_wconf 81' lang='lat' dir='ltr'>oum</span> <span class='ocrx_word' id='word_1_58' title='bbox 1115 722 1258 796; x_wconf 76' lang='lat' dir='ltr'>arripiens</span> <span class='ocrx_word' id='word_1_59' title='bbox 1275 722 1402 782; x_wconf 92' lang='lat' dir='ltr'>vitulum</span> <span class='ocrx_word' id='word_1_60' title='bbox 1420 740 1555 796; x_wconf 89' lang='lat' dir='ltr'>aureum,</span> <span class='ocrx_word' id='word_1_61' title='bbox 1579 726 1646 800; x_wconf 88' lang='lat' dir='ltr'>igne</span> <span class='ocrx_word' id='word_1_62' title='bbox 1667 726 1834 798; x_wconf 87' lang='lat' dir='ltr'>combussit,</span> <span class='ocrx_word' id='word_1_63' title='bbox 1853 726 1888 785; x_wconf 90' lang='lat' dir='ltr'>ad</span> 
     </span>
     <span class='ocr_line' id='line_1_6' title="bbox 133 806 1890 890; baseline 0.007 -28"><span class='ocrx_word' id='word_1_64' title='bbox 133 806 171 862; x_wconf 93' lang='lat' dir='ltr'>de</span> <span class='ocrx_word' id='word_1_65' title='bbox 185 806 299 879; x_wconf 91' lang='lat' dir='ltr'>proprio</span> <span class='ocrx_word' id='word_1_66' title='bbox 315 806 426 865; x_wconf 90' lang='lat' dir='ltr'>semine</span> <span class='ocrx_word' id='word_1_67' title='bbox 440 808 657 881; x_wconf 88' lang='lat' dir='ltr'>propagandum</span> <span class='ocrx_word' id='word_1_68' title='bbox 677 826 738 868; x_wconf 90' lang='lat' dir='ltr'>esse</span> <span class='ocrx_word' id='word_1_69' title='bbox 753 810 909 883; x_wconf 78' lang='lat' dir='ltr'>cognovit?</span> <span class='ocrx_word' id='word_1_70' title='bbox 931 809 993 868; x_wconf 90' lang='lat' dir='ltr'>lllis</span> <span class='ocrx_word' id='word_1_71' title='bbox 1033 811 1187 884; x_wconf 90' lang='lat' dir='ltr'>pulverem</span> <span class='ocrx_word' id='word_1_72' title='bbox 1206 827 1301 887; x_wconf 88' lang='lat' dir='ltr'>usque</span> <span class='ocrx_word' id='word_1_73' title='bbox 1316 812 1454 872; x_wconf 88' lang='lat' dir='ltr'>contrivit</span> <span class='ocrx_word' id='word_1_74' title='bbox 1472 814 1667 890; x_wconf 84' lang='lat' dir='ltr'>fluctibusque</span> <span class='ocrx_word' id='word_1_75' title='bbox 1685 831 1890 889; x_wconf 88' lang='lat' dir='ltr'>conspergens,</span> 
     </span>
     <span class='ocr_line' id='line_1_7' title="bbox 133 893 1889 978; baseline 0.006 -26"><span class='ocrx_word' id='word_1_76' title='bbox 133 893 225 968; x_wconf 87' lang='lat' dir='ltr'>igitur</span> <span class='ocrx_word' id='word_1_77' title='bbox 238 902 322 953; x_wconf 82' lang='lat' dir='ltr'>ternu</span> <span class='ocrx_word' id='word_1_78' title='bbox 337 895 446 954; x_wconf 87' lang='lat' dir='ltr'>linibus</span> <span class='ocrx_word' id='word_1_79' title='bbox 464 896 541 954; x_wconf 90' lang='lat' dir='ltr'>beati</span> <span class='ocrx_word' id='word_1_80' title='bbox 560 896 614 954; x_wconf 86' lang='lat' dir='ltr'>viri</span> <span class='ocrx_word' id='word_1_81' title='bbox 628 898 689 970; x_wconf 87' lang='lat' dir='ltr'>jam</span> <span class='ocrx_word' id='word_1_82' title='bbox 709 898 881 957; x_wconf 72' lang='lat' dir='ltr'>medullitus</span> <span class='ocrx_word' id='word_1_83' title='bbox 899 898 992 971; x_wconf 85' lang='lat' dir='ltr'>aggli·</span> <span class='ocrx_word' id='word_1_84' title='bbox 1034 900 1227 960; x_wconf 87' lang='lat' dir='ltr'>israeliticum</span> <span class='ocrx_word' id='word_1_85' title='bbox 1241 917 1278 960; x_wconf 86' lang='lat' dir='ltr'>err</span> <span class='ocrx_word' id='word_1_86' title='bbox 1289 918 1323 961; x_wconf 90' lang='lat' dir='ltr'>eo</span> <span class='ocrx_word' id='word_1_87' title='bbox 1338 904 1479 978; x_wconf 93' lang='lat' dir='ltr'>populum</span> <span class='ocrx_word' id='word_1_88' title='bbox 1492 902 1655 978; x_wconf 77' lang='lat' dir='ltr'>propinavit</span> <span class='ocrx_word' id='word_1_89' title='bbox 1667 904 1765 977; x_wconf 81' lang='lat' dir='ltr'>(and.</span> <span class='ocrx_word' id='word_1_90' title='bbox 1782 906 1889 977; x_wconf 78' lang='lat' dir='ltr'>xxxii).</span> 
     </span>
     <span class='ocr_line' id='line_1_8' title="bbox 133 983 1891 1068; baseline 0.007 -28"><span class='ocrx_word' id='word_1_91' title='bbox 133 983 263 1053; x_wconf 82' lang='lat' dir='ltr'>scebant,</span> <span class='ocrx_word' id='word_1_92' title='bbox 287 998 375 1056; x_wconf 82' lang='lat' dir='ltr'>quam</span> <span class='ocrx_word' id='word_1_93' title='bbox 390 1000 441 1058; x_wconf 91' lang='lat' dir='ltr'>per</span> <span class='ocrx_word' id='word_1_94' title='bbox 455 985 590 1059; x_wconf 89' lang='lat' dir='ltr'>spiritum</span> <span class='ocrx_word' id='word_1_95' title='bbox 604 986 665 1059; x_wconf 87' lang='lat' dir='ltr'>jam</span> <span class='ocrx_word' id='word_1_96' title='bbox 684 988 840 1046; x_wconf 83' lang='lat' dir='ltr'>cernebant</span> <span class='ocrx_word' id='word_1_97' title='bbox 861 986 991 1046; x_wconf 87' lang='lat' dir='ltr'>Salvato·</span> <span class='ocrx_word' id='word_1_98' title='bbox 1038 989 1083 1047; x_wconf 92' lang='grc'>13</span> <span class='ocrx_word' id='word_1_99' title='bbox 1102 991 1177 1061; x_wconf 85' lang='lat' dir='ltr'>Quid</span> <span class='ocrx_word' id='word_1_100' title='bbox 1197 998 1241 1050; x_wconf 90' lang='lat' dir='ltr'>est</span> <span class='ocrx_word' id='word_1_101' title='bbox 1268 992 1350 1051; x_wconf 90' lang='lat' dir='ltr'>enim</span> <span class='ocrx_word' id='word_1_102' title='bbox 1367 1010 1417 1067; x_wconf 94' lang='lat' dir='ltr'>per</span> <span class='ocrx_word' id='word_1_103' title='bbox 1435 993 1558 1068; x_wconf 78' lang='lat' dir='ltr'>figuram</span> <span class='ocrx_word' id='word_1_104' title='bbox 1581 993 1692 1054; x_wconf 91' lang='lat' dir='ltr'>vitulus</span> <span class='ocrx_word' id='word_1_105' title='bbox 1711 993 1761 1054; x_wconf 91' lang='lat' dir='ltr'>ille</span> <span class='ocrx_word' id='word_1_106' title='bbox 1783 995 1891 1055; x_wconf 86' lang='lat' dir='ltr'>contla-</span> 
     </span>
     <span class='ocr_line' id='line_1_9' title="bbox 134 1072 1891 1155; baseline 0.007 -26"><span class='ocrx_word' id='word_1_107' title='bbox 134 1072 176 1131; x_wconf 80' lang='lat' dir='ltr'>rIs</span> <span class='ocrx_word' id='word_1_108' title='bbox 196 1072 323 1143; x_wconf 75' lang='lat' dir='ltr'>vestigiis</span> <span class='ocrx_word' id='word_1_109' title='bbox 343 1074 438 1144; x_wconf 90' lang='lat' dir='ltr'>atteri,</span> <span class='ocrx_word' id='word_1_110' title='bbox 458 1089 546 1146; x_wconf 84' lang='lat' dir='ltr'>onam</span> <span class='ocrx_word' id='word_1_111' title='bbox 565 1075 596 1132; x_wconf 95' lang='lat' dir='ltr'>in</span> <span class='ocrx_word' id='word_1_112' title='bbox 616 1075 804 1135; x_wconf 91' lang='lat' dir='ltr'>interioribus</span> <span class='ocrx_word' id='word_1_113' title='bbox 822 1077 915 1136; x_wconf 88' lang='lat' dir='ltr'>oculis</span> <span class='ocrx_word' id='word_1_114' title='bbox 931 1078 991 1150; x_wconf 86' lang='lat' dir='ltr'>jam</span> <span class='ocrx_word' id='word_1_115' title='bbox 1034 1080 1101 1150; x_wconf 90' lang='lat' dir='ltr'>tilis,</span> <span class='ocrx_word' id='word_1_116' title='bbox 1126 1080 1183 1139; x_wconf 88' lang='lat' dir='ltr'>nisi</span> <span class='ocrx_word' id='word_1_117' title='bbox 1196 1097 1301 1155; x_wconf 92' lang='lat' dir='ltr'>corpus</span> <span class='ocrx_word' id='word_1_118' title='bbox 1318 1080 1438 1153; x_wconf 86' lang='lat' dir='ltr'>diaboii,</span> <span class='ocrx_word' id='word_1_119' title='bbox 1464 1083 1596 1141; x_wconf 89' lang='lat' dir='ltr'>bomines</span> <span class='ocrx_word' id='word_1_120' title='bbox 1615 1082 1723 1141; x_wconf 87' lang='lat' dir='ltr'>scilieet</span> <span class='ocrx_word' id='word_1_121' title='bbox 1737 1083 1770 1141; x_wconf 93' lang='lat' dir='ltr'>iu</span> <span class='ocrx_word' id='word_1_122' title='bbox 1793 1082 1891 1141; x_wconf 89' lang='lat' dir='ltr'>omni·</span> 
     </span>
     <span class='ocr_line' id='line_1_10' title="bbox 133 1162 1893 1246; baseline 0.006 -26"><span class='ocrx_word' id='word_1_123' title='bbox 133 1162 274 1221; x_wconf 84' lang='lat' dir='ltr'>videbant</span> <span class='ocrx_word' id='word_1_124' title='bbox 294 1165 418 1237; x_wconf 86' lang='lat' dir='ltr'>pretioso</span> <span class='ocrx_word' id='word_1_125' title='bbox 445 1166 589 1226; x_wconf 88' lang='lat' dir='ltr'>Dominici</span> <span class='ocrx_word' id='word_1_126' title='bbox 609 1171 736 1244; x_wconf 88' lang='lat' dir='ltr'>eorporis</span> <span class='ocrx_word' id='word_1_127' title='bbox 757 1172 900 1245; x_wconf 87' lang='lat' dir='ltr'>sanguiue</span> <span class='ocrx_word' id='word_1_128' title='bbox 922 1188 992 1245; x_wconf 92' lang='lat' dir='ltr'>pnr-</span> <span class='ocrx_word' id='word_1_129' title='bbox 1033 1169 1088 1228; x_wconf 92' lang='lat' dir='ltr'>bus</span> <span class='ocrx_word' id='word_1_130' title='bbox 1111 1170 1249 1244; x_wconf 88' lang='lat' dir='ltr'>gentibus</span> <span class='ocrx_word' id='word_1_131' title='bbox 1275 1173 1416 1246; x_wconf 79' lang='lat' dir='ltr'>perfidiae,</span> <span class='ocrx_word' id='word_1_132' title='bbox 1443 1172 1531 1232; x_wconf 89' lang='lat' dir='ltr'>simul</span> <span class='ocrx_word' id='word_1_133' title='bbox 1554 1181 1582 1231; x_wconf 90' lang='lat' dir='ltr'>et</span> <span class='ocrx_word' id='word_1_134' title='bbox 1604 1172 1775 1232; x_wconf 78' lang='lat' dir='ltr'>idololatriae</span> <span class='ocrx_word' id='word_1_135' title='bbox 1797 1188 1893 1233; x_wconf 88' lang='lat' dir='ltr'>errore</span> 
     </span>
     <span class='ocr_line' id='line_1_11' title="bbox 110 1252 1893 1337; baseline 0.006 -28"><span class='ocrx_word' id='word_1_136' title='bbox 110 1252 247 1324; x_wconf 82' lang='lat' dir='ltr'>purari,</span> <span class='ocrx_word' id='word_1_137' title='bbox 272 1258 306 1311; x_wconf 90' lang='lat' dir='ltr'>ut</span> <span class='ocrx_word' id='word_1_138' title='bbox 330 1253 391 1311; x_wconf 88' lang='lat' dir='ltr'>illie</span> <span class='ocrx_word' id='word_1_139' title='bbox 414 1271 515 1314; x_wconf 93' lang='lat' dir='ltr'>eorum</span> <span class='ocrx_word' id='word_1_140' title='bbox 543 1272 663 1331; x_wconf 87' lang='lat' dir='ltr'>corpora</span> <span class='ocrx_word' id='word_1_141' title='bbox 689 1275 771 1317; x_wconf 90' lang='lat' dir='ltr'>suam</span> <span class='ocrx_word' id='word_1_142' title='bbox 795 1267 993 1334; x_wconf 82' lang='lat' dir='ltr'>exspectarent</span> <span class='ocrx_word' id='word_1_143' title='bbox 1033 1256 1144 1330; x_wconf 90' lang='lat' dir='ltr'>decepti</span> <span class='ocrx_word' id='word_1_144' title='bbox 1172 1275 1205 1316; x_wconf 90' lang='lat' dir='ltr'>ac</span> <span class='ocrx_word' id='word_1_145' title='bbox 1231 1259 1287 1318; x_wconf 90' lang='lat' dir='ltr'>sub</span> <span class='ocrx_word' id='word_1_146' title='bbox 1310 1260 1373 1335; x_wconf 88' lang='lat' dir='ltr'>ipso</span> <span class='ocrx_word' id='word_1_147' title='bbox 1400 1276 1454 1319; x_wconf 92' lang='lat' dir='ltr'>suo</span> <span class='ocrx_word' id='word_1_148' title='bbox 1481 1261 1614 1335; x_wconf 86' lang='lat' dir='ltr'>pestilera</span> <span class='ocrx_word' id='word_1_149' title='bbox 1638 1260 1729 1336; x_wconf 90' lang='lat' dir='ltr'>capite</span> <span class='ocrx_word' id='word_1_150' title='bbox 1755 1268 1893 1337; x_wconf 66' lang='lat' dir='ltr'>anquam</span> 
     </span>
     <span class='ocr_line' id='line_1_12' title="bbox 133 1341 1893 1424; baseline 0.006 -25"><span class='ocrx_word' id='word_1_151' title='bbox 133 1341 387 1413; x_wconf 83' lang='lat' dir='ltr'>resurrectionem,</span> <span class='ocrx_word' id='word_1_152' title='bbox 418 1344 469 1401; x_wconf 92' lang='lat' dir='ltr'>ubi</span> <span class='ocrx_word' id='word_1_153' title='bbox 495 1354 724 1406; x_wconf 90' lang='lat' dir='ltr'>resurrecturum</span> <span class='ocrx_word' id='word_1_154' title='bbox 751 1365 813 1407; x_wconf 87' lang='lat' dir='ltr'>esse</span> <span class='ocrx_word' id='word_1_155' title='bbox 839 1366 992 1424; x_wconf 86' lang='lat' dir='ltr'>coguosce—</span> <span class='ocrx_word' id='word_1_156' title='bbox 1034 1345 1152 1405; x_wconf 88' lang='lat' dir='ltr'>diversa</span> <span class='ocrx_word' id='word_1_157' title='bbox 1177 1347 1307 1406; x_wconf 89' lang='lat' dir='ltr'>membra</span> <span class='ocrx_word' id='word_1_158' title='bbox 1329 1349 1467 1422; x_wconf 87' lang='lat' dir='ltr'>sacrilega</span> <span class='ocrx_word' id='word_1_159' title='bbox 1490 1349 1703 1423; x_wconf 87' lang='lat' dir='ltr'>conspiratione</span> <span class='ocrx_word' id='word_1_160' title='bbox 1723 1349 1893 1423; x_wconf 78' lang='lat' dir='ltr'>conjuncti?</span> 
     </span>
     <span class='ocr_line' id='line_1_13' title="bbox 133 1428 1893 1512; baseline 0.005 -25"><span class='ocrx_word' id='word_1_161' title='bbox 133 1428 424 1504; x_wconf 76' lang='lat' dir='ltr'>bantipsumbeatre</span> <span class='ocrx_word' id='word_1_162' title='bbox 438 1433 657 1492; x_wconf 84' lang='lat' dir='ltr'>resurrectionis</span> <span class='ocrx_word' id='word_1_163' title='bbox 672 1442 829 1495; x_wconf 83' lang='lat' dir='ltr'>auctorem.</span> <span class='ocrx_word' id='word_1_164' title='bbox 1036 1430 1129 1508; x_wconf 87' lang='lat' dir='ltr'>Super</span> <span class='ocrx_word' id='word_1_165' title='bbox 1156 1449 1229 1508; x_wconf 84' lang='lat' dir='ltr'>quos</span> <span class='ocrx_word' id='word_1_166' title='bbox 1253 1433 1395 1495; x_wconf 91' lang='lat' dir='ltr'>nimirum</span> <span class='ocrx_word' id='word_1_167' title='bbox 1422 1437 1471 1495; x_wconf 93' lang='lat' dir='ltr'>ille</span> <span class='ocrx_word' id='word_1_168' title='bbox 1495 1436 1634 1512; x_wconf 76' lang='lat' dir='ltr'>nequitias</span> <span class='ocrx_word' id='word_1_169' title='bbox 1660 1437 1788 1510; x_wconf 86' lang='lat' dir='ltr'>spiritus,</span> <span class='ocrx_word' id='word_1_170' title='bbox 1814 1438 1893 1497; x_wconf 89' lang='lat' dir='ltr'>velut</span> 
     </span>
     <span class='ocr_line' id='line_1_14' title="bbox 171 1518 1892 1603; baseline 0.005 -28"><span class='ocrx_word' id='word_1_171' title='bbox 171 1518 216 1575; x_wconf 88' lang='lat' dir='ltr'>Ad</span> <span class='ocrx_word' id='word_1_172' title='bbox 237 1518 318 1577; x_wconf 90' lang='lat' dir='ltr'>bunc</span> <span class='ocrx_word' id='word_1_173' title='bbox 336 1527 364 1576; x_wconf 90' lang='lat' dir='ltr'>et</span> <span class='ocrx_word' id='word_1_174' title='bbox 385 1535 448 1591; x_wconf 92' lang='lat' dir='ltr'>nos,</span> <span class='ocrx_word' id='word_1_175' title='bbox 472 1521 664 1592; x_wconf 81' lang='lat' dir='ltr'>dilectissimi,</span> <span class='ocrx_word' id='word_1_176' title='bbox 684 1525 865 1597; x_wconf 84' lang='lat' dir='ltr'>perspicuam</span> <span class='ocrx_word' id='word_1_177' title='bbox 887 1532 993 1583; x_wconf 76' lang='lat' dir='ltr'>nostrae</span> <span class='ocrx_word' id='word_1_178' title='bbox 1034 1529 1133 1580; x_wconf 88' lang='lat' dir='ltr'>auctor</span> <span class='ocrx_word' id='word_1_179' title='bbox 1164 1523 1333 1596; x_wconf 73' lang='lat' dir='ltr'>praesidens,</span> <span class='ocrx_word' id='word_1_180' title='bbox 1358 1525 1516 1586; x_wconf 88' lang='lat' dir='ltr'>insolenter</span> <span class='ocrx_word' id='word_1_181' title='bbox 1543 1527 1675 1600; x_wconf 88' lang='lat' dir='ltr'>erigitur,</span> <span class='ocrx_word' id='word_1_182' title='bbox 1698 1534 1726 1584; x_wconf 90' lang='lat' dir='ltr'>et</span> <span class='ocrx_word' id='word_1_183' title='bbox 1754 1532 1892 1603; x_wconf 85' lang='lat' dir='ltr'>tanquam</span> 
     </span>
     <span class='ocr_line' id='line_1_15' title="bbox 133 1610 1891 1690; baseline 0.003 -22"><span class='ocrx_word' id='word_1_184' title='bbox 133 1610 244 1669; x_wconf 88' lang='lat' dir='ltr'>mentis</span> <span class='ocrx_word' id='word_1_185' title='bbox 257 1610 348 1669; x_wconf 91' lang='lat' dir='ltr'>aciem</span> <span class='ocrx_word' id='word_1_186' title='bbox 363 1611 532 1685; x_wconf 84' lang='lat' dir='ltr'>dirigamus.</span> <span class='ocrx_word' id='word_1_187' title='bbox 549 1611 593 1670; x_wconf 89' lang='lat' dir='ltr'>Ad</span> <span class='ocrx_word' id='word_1_188' title='bbox 611 1615 699 1684; x_wconf 88' lang='lat' dir='ltr'>bunc,</span> <span class='ocrx_word' id='word_1_189' title='bbox 720 1615 789 1673; x_wconf 92' lang='lat' dir='ltr'>dum</span> <span class='ocrx_word' id='word_1_190' title='bbox 808 1614 915 1688; x_wconf 84' lang='lat' dir='ltr'>pedum</span> <span class='ocrx_word' id='word_1_191' title='bbox 931 1631 994 1688; x_wconf 82' lang='lat' dir='ltr'>pro</span> <span class='ocrx_word' id='word_1_192' title='bbox 1034 1618 1119 1685; x_wconf 89' lang='lat' dir='ltr'>eaput</span> <span class='ocrx_word' id='word_1_193' title='bbox 1137 1629 1187 1686; x_wconf 90' lang='lat' dir='ltr'>per</span> <span class='ocrx_word' id='word_1_194' title='bbox 1208 1613 1390 1688; x_wconf 79' lang='lat' dir='ltr'>tyrannidem</span> <span class='ocrx_word' id='word_1_195' title='bbox 1417 1631 1470 1673; x_wconf 85' lang='lat' dir='ltr'>suo</span> <span class='ocrx_word' id='word_1_196' title='bbox 1498 1616 1609 1690; x_wconf 86' lang='lat' dir='ltr'>corpori</span> <span class='ocrx_word' id='word_1_197' title='bbox 1633 1614 1891 1675; x_wconf 66' lang='lat' dir='ltr'>dominatur.‘Au·</span> 
     </span>
     <span class='ocr_line' id='line_1_16' title="bbox 132 1698 1894 1780; baseline 0.005 -25"><span class='ocrx_word' id='word_1_198' title='bbox 132 1698 285 1773; x_wconf 84' lang='lat' dir='ltr'>gressiano</span> <span class='ocrx_word' id='word_1_199' title='bbox 307 1712 363 1757; x_wconf 89' lang='lat' dir='ltr'>non</span> <span class='ocrx_word' id='word_1_200' title='bbox 392 1715 558 1773; x_wconf 89' lang='lat' dir='ltr'>possumus,</span> <span class='ocrx_word' id='word_1_201' title='bbox 583 1702 733 1759; x_wconf 75' lang='lat' dir='ltr'>aestuantis</span> <span class='ocrx_word' id='word_1_202' title='bbox 755 1702 890 1760; x_wconf 88' lang='lat' dir='ltr'>desiderii</span> <span class='ocrx_word' id='word_1_203' title='bbox 913 1702 993 1760; x_wconf 87' lang='lat' dir='ltr'>iesti-</span> <span class='ocrx_word' id='word_1_204' title='bbox 1034 1717 1102 1759; x_wconf 89' lang='lat' dir='ltr'>reus</span> <span class='ocrx_word' id='word_1_205' title='bbox 1126 1709 1224 1760; x_wconf 91' lang='lat' dir='ltr'>autem</span> <span class='ocrx_word' id='word_1_206' title='bbox 1244 1702 1355 1761; x_wconf 89' lang='lat' dir='ltr'>vitulus</span> <span class='ocrx_word' id='word_1_207' title='bbox 1375 1703 1464 1762; x_wconf 90' lang='lat' dir='ltr'>luisse</span> <span class='ocrx_word' id='word_1_208' title='bbox 1482 1703 1664 1775; x_wconf 89' lang='lat' dir='ltr'>describitur,</span> <span class='ocrx_word' id='word_1_209' title='bbox 1690 1704 1759 1780; x_wconf 86' lang='lat' dir='ltr'>quia</span> <span class='ocrx_word' id='word_1_210' title='bbox 1778 1702 1894 1764; x_wconf 93' lang='lat' dir='ltr'>videtur</span> 
     </span>
     <span class='ocr_line' id='line_1_17' title="bbox 135 1789 1895 1871; baseline 0.003 -24"><span class='ocrx_word' id='word_1_211' title='bbox 135 1789 254 1849; x_wconf 86' lang='lat' dir='ltr'>natione</span> <span class='ocrx_word' id='word_1_212' title='bbox 276 1789 440 1861; x_wconf 90' lang='lat' dir='ltr'>tendamus,</span> <span class='ocrx_word' id='word_1_213' title='bbox 467 1797 494 1849; x_wconf 92' lang='lat' dir='ltr'>et</span> <span class='ocrx_word' id='word_1_214' title='bbox 515 1792 586 1850; x_wconf 88' lang='lat' dir='ltr'>dum</span> <span class='ocrx_word' id='word_1_215' title='bbox 613 1800 778 1851; x_wconf 88' lang='lat' dir='ltr'>sanctorum</span> <span class='ocrx_word' id='word_1_216' title='bbox 797 1792 1023 1871; x_wconf 74' lang='lat' dir='ltr'>quorumlibetg</span> <span class='ocrx_word' id='word_1_217' title='bbox 1037 1789 1207 1849; x_wconf 83' lang='lat' dir='ltr'>idololatriae</span> <span class='ocrx_word' id='word_1_218' title='bbox 1233 1791 1306 1850; x_wconf 90' lang='lat' dir='ltr'>ritus</span> <span class='ocrx_word' id='word_1_219' title='bbox 1326 1791 1405 1851; x_wconf 89' lang='lat' dir='ltr'>velut</span> <span class='ocrx_word' id='word_1_220' title='bbox 1419 1808 1437 1851; x_wconf 88' lang='lat' dir='ltr'>a</span> <span class='ocrx_word' id='word_1_221' title='bbox 1451 1791 1628 1867; x_wconf 86' lang='lat' dir='ltr'>sapientibus</span> <span class='ocrx_word' id='word_1_222' title='bbox 1639 1794 1800 1853; x_wconf 89' lang='lat' dir='ltr'>institutus.</span> <span class='ocrx_word' id='word_1_223' title='bbox 1813 1793 1895 1853; x_wconf 87' lang='lat' dir='ltr'>Auro</span> 
     </span>
     <span class='ocr_line' id='line_1_18' title="bbox 135 1877 1894 1958; baseline 0.003 -21"><span class='ocrx_word' id='word_1_224' title='bbox 135 1877 272 1953; x_wconf 81' lang='lat' dir='ltr'>reliquiis</span> <span class='ocrx_word' id='word_1_225' title='bbox 295 1879 391 1955; x_wconf 84' lang='lat' dir='ltr'>dignae</span> <span class='ocrx_word' id='word_1_226' title='bbox 409 1880 571 1938; x_wconf 92' lang='lat' dir='ltr'>devotionis</span> <span class='ocrx_word' id='word_1_227' title='bbox 595 1880 785 1940; x_wconf 91' lang='lat' dir='ltr'>reverentiam</span> <span class='ocrx_word' id='word_1_228' title='bbox 807 1883 992 1956; x_wconf 84' lang='lat' dir='ltr'>exhibemus,</span> <span class='ocrx_word' id='word_1_229' title='bbox 1036 1882 1142 1956; x_wconf 83' lang='lat' dir='ltr'>outone</span> <span class='ocrx_word' id='word_1_230' title='bbox 1167 1881 1308 1956; x_wconf 88' lang='lat' dir='ltr'>sapientia</span> <span class='ocrx_word' id='word_1_231' title='bbox 1326 1881 1506 1954; x_wconf 88' lang='lat' dir='ltr'>designatur,</span> <span class='ocrx_word' id='word_1_232' title='bbox 1535 1883 1610 1942; x_wconf 89' lang='lat' dir='ltr'>sicut</span> <span class='ocrx_word' id='word_1_233' title='bbox 1628 1899 1680 1958; x_wconf 87' lang='lat' dir='ltr'>per</span> <span class='ocrx_word' id='word_1_234' title='bbox 1708 1883 1894 1944; x_wconf 87' lang='lat' dir='ltr'>Salomonem</span> 
     </span>
     <span class='ocr_line' id='line_1_19' title="bbox 134 1968 1893 2049; baseline 0.003 -23"><span class='ocrx_word' id='word_1_235' title='bbox 134 1969 168 2026; x_wconf 90' lang='lat' dir='ltr'>ad</span> <span class='ocrx_word' id='word_1_236' title='bbox 192 1968 282 2028; x_wconf 92' lang='lat' dir='ltr'>illum</span> <span class='ocrx_word' id='word_1_237' title='bbox 305 1985 398 2028; x_wconf 90' lang='lat' dir='ltr'>unum</span> <span class='ocrx_word' id='word_1_238' title='bbox 423 1976 450 2027; x_wconf 92' lang='lat' dir='ltr'>et</span> <span class='ocrx_word' id='word_1_239' title='bbox 472 1970 619 2043; x_wconf 90' lang='lat' dir='ltr'>singulare</span> <span class='ocrx_word' id='word_1_240' title='bbox 641 1986 745 2045; x_wconf 89' lang='lat' dir='ltr'>corpus</span> <span class='ocrx_word' id='word_1_241' title='bbox 764 1980 870 2031; x_wconf 72' lang='lat' dir='ltr'>nostrae</span> <span class='ocrx_word' id='word_1_242' title='bbox 889 1975 995 2034; x_wconf 90' lang='lat' dir='ltr'>mentis</span> <span class='ocrx_word' id='word_1_243' title='bbox 1036 1972 1162 2031; x_wconf 83' lang='lat' dir='ltr'>dicitnr:</span> <span class='ocrx_word' id='word_1_244' title='bbox 1188 1993 1202 2027; x_wconf 79' lang='lat' dir='ltr'>o</span> <span class='ocrx_word' id='word_1_245' title='bbox 1228 1972 1395 2033; x_wconf 80' lang='lat' dir='ltr'>Thesaurus</span> <span class='ocrx_word' id='word_1_246' title='bbox 1414 1971 1613 2033; x_wconf 90' lang='lat' dir='ltr'>desiderabilis</span> <span class='ocrx_word' id='word_1_247' title='bbox 1632 1975 1663 2033; x_wconf 94' lang='lat' dir='ltr'>iu</span> <span class='ocrx_word' id='word_1_248' title='bbox 1684 1990 1734 2034; x_wconf 90' lang='lat' dir='ltr'>ore</span> <span class='ocrx_word' id='word_1_249' title='bbox 1756 1973 1893 2049; x_wconf 90' lang='lat' dir='ltr'>sapientis</span> 
     </span>
     <span class='ocr_line' id='line_1_20' title="bbox 134 2059 1893 2141; baseline 0.001 -22"><span class='ocrx_word' id='word_1_250' title='bbox 134 2059 300 2133; x_wconf 77' lang='lat' dir='ltr'>dirigamus</span> <span class='ocrx_word' id='word_1_251' title='bbox 328 2061 473 2131; x_wconf 89' lang='lat' dir='ltr'>obtutum,</span> <span class='ocrx_word' id='word_1_252' title='bbox 505 2062 582 2135; x_wconf 83' lang='lat' dir='ltr'>quod</span> <span class='ocrx_word' id='word_1_253' title='bbox 617 2063 648 2121; x_wconf 90' lang='lat' dir='ltr'>in</span> <span class='ocrx_word' id='word_1_254' title='bbox 681 2068 810 2136; x_wconf 80' lang='lat' dir='ltr'>pateruae</span> <span class='ocrx_word' id='word_1_255' title='bbox 837 2065 996 2141; x_wconf 86' lang='lat' dir='ltr'>majestatis</span> <span class='ocrx_word' id='word_1_256' title='bbox 1036 2061 1893 2137; x_wconf 72' lang='lat' dir='ltr'>(PronxxtloAureusitaqueluitvitulus,ouiamnudi</span> 
     </span>
     <span class='ocr_line' id='line_1_21' title="bbox 133 2149 1894 2227; baseline 0.002 -21"><span class='ocrx_word' id='word_1_257' title='bbox 133 2149 384 2223; x_wconf 86' lang='lat' dir='ltr'>gloriarredimus</span> <span class='ocrx_word' id='word_1_258' title='bbox 398 2151 797 2214; x_wconf 78' lang='lat' dir='ltr'>ineffabilitersublimatum.</span> <span class='ocrx_word' id='word_1_259' title='bbox 1037 2150 1181 2224; x_wconf 86' lang='lat' dir='ltr'>sapientes</span> <span class='ocrx_word' id='word_1_260' title='bbox 1204 2157 1272 2209; x_wconf 91' lang='lat' dir='ltr'>aule</span> <span class='ocrx_word' id='word_1_261' title='bbox 1293 2167 1380 2209; x_wconf 75' lang='lat' dir='ltr'>nova</span> <span class='ocrx_word' id='word_1_262' title='bbox 1399 2152 1520 2227; x_wconf 84' lang='lat' dir='ltr'>gratiam</span> <span class='ocrx_word' id='word_1_263' title='bbox 1538 2150 1605 2210; x_wconf 89' lang='lat' dir='ltr'>tidei</span> <span class='ocrx_word' id='word_1_264' title='bbox 1625 2151 1813 2211; x_wconf 71' lang='lat' dir='ltr'>daemoniace</span> <span class='ocrx_word' id='word_1_265' title='bbox 1829 2152 1894 2212; x_wconf 89' lang='lat' dir='ltr'>cul-</span> 
     </span>
     <span class='ocr_line' id='line_1_22' title="bbox 167 2237 1895 2316; baseline 0.003 -20"><span class='ocrx_word' id='word_1_266' title='bbox 167 2237 225 2296; x_wconf 93' lang='lat' dir='ltr'>Illa</span> <span class='ocrx_word' id='word_1_267' title='bbox 250 2238 391 2297; x_wconf 90' lang='lat' dir='ltr'>nimirum</span> <span class='ocrx_word' id='word_1_268' title='bbox 416 2246 459 2297; x_wconf 86' lang='lat' dir='ltr'>est</span> <span class='ocrx_word' id='word_1_269' title='bbox 476 2246 551 2297; x_wconf 89' lang='lat' dir='ltr'>terra</span> <span class='ocrx_word' id='word_1_270' title='bbox 574 2241 621 2298; x_wconf 91' lang='lat' dir='ltr'>rui</span> <span class='ocrx_word' id='word_1_271' title='bbox 650 2245 711 2300; x_wconf 93' lang='lat' dir='ltr'>lum</span> <span class='ocrx_word' id='word_1_272' title='bbox 732 2241 808 2300; x_wconf 90' lang='lat' dir='ltr'>beati</span> <span class='ocrx_word' id='word_1_273' title='bbox 825 2242 995 2316; x_wconf 59' lang='lat' dir='ltr'>patriarchas</span> <span class='ocrx_word' id='word_1_274' title='bbox 1036 2246 1113 2299; x_wconf 81' lang='lat' dir='ltr'>turca</span> <span class='ocrx_word' id='word_1_275' title='bbox 1127 2241 1216 2299; x_wconf 91' lang='lat' dir='ltr'>luisse</span> <span class='ocrx_word' id='word_1_276' title='bbox 1239 2240 1397 2315; x_wconf 88' lang='lat' dir='ltr'>probantur</span> <span class='ocrx_word' id='word_1_277' title='bbox 1415 2249 1555 2314; x_wconf 86' lang='lat' dir='ltr'>auctores,</span> <span class='ocrx_word' id='word_1_278' title='bbox 1574 2240 1610 2299; x_wconf 88' lang='lat' dir='ltr'>de</span> <span class='ocrx_word' id='word_1_279' title='bbox 1628 2241 1735 2315; x_wconf 84' lang='lat' dir='ltr'>quibus</span> <span class='ocrx_word' id='word_1_280' title='bbox 1753 2240 1895 2301; x_wconf 90' lang='lat' dir='ltr'>nimirum</span> 
     </span>
     <span class='ocr_line' id='line_1_23' title="bbox 132 2328 1893 2405; baseline 0.005 -22"><span class='ocrx_word' id='word_1_281' title='bbox 132 2334 226 2400; x_wconf 86' lang='lat' dir='ltr'>atoue</span> <span class='ocrx_word' id='word_1_282' title='bbox 247 2328 393 2401; x_wconf 71' lang='lat' dir='ltr'>propbeta&gt;</span> <span class='ocrx_word' id='word_1_283' title='bbox 419 2328 612 2402; x_wconf 85' lang='lat' dir='ltr'>suspirabant,</span> <span class='ocrx_word' id='word_1_284' title='bbox 637 2329 708 2387; x_wconf 90' lang='lat' dir='ltr'>lacte</span> <span class='ocrx_word' id='word_1_285' title='bbox 731 2330 840 2389; x_wconf 87' lang='lat' dir='ltr'>scilieet</span> <span class='ocrx_word' id='word_1_286' title='bbox 861 2339 889 2389; x_wconf 89' lang='lat' dir='ltr'>et</span> <span class='ocrx_word' id='word_1_287' title='bbox 910 2334 996 2393; x_wconf 83' lang='lat' dir='ltr'>mella</span> <span class='ocrx_word' id='word_1_288' title='bbox 1036 2329 1105 2388; x_wconf 91' lang='lat' dir='ltr'>dicit</span> <span class='ocrx_word' id='word_1_289' title='bbox 1135 2331 1313 2404; x_wconf 87' lang='lat' dir='ltr'>Apostolus:</span> <span class='ocrx_word' id='word_1_290' title='bbox 1337 2353 1351 2385; x_wconf 73' lang='lat' dir='ltr'>a</span> <span class='ocrx_word' id='word_1_291' title='bbox 1373 2330 1446 2401; x_wconf 83' lang='lat' dir='ltr'>Quia</span> <span class='ocrx_word' id='word_1_292' title='bbox 1468 2346 1535 2390; x_wconf 90' lang='lat' dir='ltr'>cum</span> <span class='ocrx_word' id='word_1_293' title='bbox 1561 2330 1766 2405; x_wconf 78' lang='lat' dir='ltr'>cognovissent</span> <span class='ocrx_word' id='word_1_294' title='bbox 1789 2331 1893 2403; x_wconf 87' lang='lat' dir='ltr'>Deum,</span> 
     </span>
     <span class='ocr_line' id='line_1_24' title="bbox 134 2416 1895 2495; baseline 0.012 -22"><span class='ocrx_word' id='word_1_295' title='bbox 134 2416 281 2473; x_wconf 88' lang='lat' dir='ltr'>mananti.</span> <span class='ocrx_word' id='word_1_296' title='bbox 303 2416 359 2475; x_wconf 88' lang='lat' dir='ltr'>Lac</span> <span class='ocrx_word' id='word_1_297' title='bbox 378 2416 524 2490; x_wconf 87' lang='lat' dir='ltr'>siquidem</span> <span class='ocrx_word' id='word_1_298' title='bbox 543 2418 578 2475; x_wconf 90' lang='lat' dir='ltr'>de</span> <span class='ocrx_word' id='word_1_299' title='bbox 596 2420 690 2477; x_wconf 87' lang='lat' dir='ltr'>carnis</span> <span class='ocrx_word' id='word_1_300' title='bbox 708 2420 849 2480; x_wconf 89' lang='lat' dir='ltr'>uberibus</span> <span class='ocrx_word' id='word_1_301' title='bbox 868 2423 994 2495; x_wconf 88' lang='lat' dir='ltr'>prolluit,</span> <span class='ocrx_word' id='word_1_302' title='bbox 1036 2433 1095 2476; x_wconf 80' lang='lat' dir='ltr'>110ss</span> <span class='ocrx_word' id='word_1_303' title='bbox 1121 2418 1196 2478; x_wconf 69' lang='lat' dir='ltr'>Sicut</span> <span class='ocrx_word' id='word_1_304' title='bbox 1235 2419 1329 2477; x_wconf 66' lang='lat' dir='ltr'>Deum</span> <span class='ocrx_word' id='word_1_305' title='bbox 1356 2418 1599 2492; x_wconf 62' lang='lat' dir='ltr'>lllOPififfll&#39;etUssb</span> <span class='ocrx_word' id='word_1_306' title='bbox 1623 2424 1672 2477; x_wconf 68' lang='lat'>³¹1¹</span> <span class='ocrx_word' id='word_1_307' title='bbox 1695 2418 1801 2493; x_wconf 51' lang='lat'><strong>&amp;³0³⁸</strong></span> <span class='ocrx_word' id='word_1_308' title='bbox 1828 2435 1895 2495; x_wconf 62' lang='lat' dir='ltr'>ege·</span> 
     </span>
     <span class='ocr_line' id='line_1_25' title="bbox 135 2500 1933 2584; baseline 0.004 -22"><span class='ocrx_word' id='word_1_309' title='bbox 135 2506 192 2563; x_wconf 88' lang='lat' dir='ltr'>mel</span> <span class='ocrx_word' id='word_1_310' title='bbox 210 2520 279 2564; x_wconf 89' lang='lat' dir='ltr'>vero</span> <span class='ocrx_word' id='word_1_311' title='bbox 301 2505 336 2565; x_wconf 90' lang='lat' dir='ltr'>de</span> <span class='ocrx_word' id='word_1_312' title='bbox 360 2507 556 2581; x_wconf 90' lang='lat' dir='ltr'>superioribus</span> <span class='ocrx_word' id='word_1_313' title='bbox 576 2509 665 2567; x_wconf 88' lang='lat' dir='ltr'>venit.</span> <span class='ocrx_word' id='word_1_314' title='bbox 692 2509 811 2584; x_wconf 85' lang='lat' dir='ltr'>Etonia</span> <span class='ocrx_word' id='word_1_315' title='bbox 835 2511 996 2571; x_wconf 87' lang='lat' dir='ltr'>substantia</span> <span class='ocrx_word' id='word_1_316' title='bbox 1037 2512 1126 2578; x_wconf 90' lang='lat' dir='ltr'>ruut;</span> <span class='ocrx_word' id='word_1_317' title='bbox 1153 2505 1204 2565; x_wconf 91' lang='lat' dir='ltr'>sed</span> <span class='ocrx_word' id='word_1_318' title='bbox 1240 2500 1425 2567; x_wconf 84' lang='lat' dir='ltr'>evanuerunt</span> <span class='ocrx_word' id='word_1_319' title='bbox 1455 2507 1487 2565; x_wconf 94' lang='lat' dir='ltr'>in</span> <span class='ocrx_word' id='word_1_320' title='bbox 1520 2505 1741 2581; x_wconf 84' lang='lat' dir='ltr'>cogitationibus</span> <span class='ocrx_word' id='word_1_321' title='bbox 1768 2507 1840 2578; x_wconf 88' lang='lat' dir='ltr'>suis,</span> <span class='ocrx_word' id='word_1_322' title='bbox 1868 2513 1896 2569; x_wconf 86' lang='lat' dir='ltr'>et</span> <span class='ocrx_word' id='word_1_323' title='bbox 1928 2500 1933 2511; x_wconf 83' lang='lat'>&#39;</span> 
     </span>
     <span class='ocr_line' id='line_1_26' title="bbox 132 2593 1895 2673; baseline 0.001 -20"><span class='ocrx_word' id='word_1_324' title='bbox 132 2593 285 2653; x_wconf 87' lang='lat' dir='ltr'>Dominiei</span> <span class='ocrx_word' id='word_1_325' title='bbox 312 2596 438 2669; x_wconf 90' lang='lat' dir='ltr'>corporis</span> <span class='ocrx_word' id='word_1_326' title='bbox 464 2611 501 2653; x_wconf 83' lang='lat' dir='ltr'>ex</span> <span class='ocrx_word' id='word_1_327' title='bbox 535 2595 665 2668; x_wconf 84' lang='lat' dir='ltr'>Virginis</span> <span class='ocrx_word' id='word_1_328' title='bbox 693 2597 854 2657; x_wconf 88' lang='lat' dir='ltr'>visceribus</span> <span class='ocrx_word' id='word_1_329' title='bbox 878 2599 995 2673; x_wconf 88' lang='lat' dir='ltr'>prodiit,</span> <span class='ocrx_word' id='word_1_330' title='bbox 1037 2595 1229 2654; x_wconf 86' lang='lat' dir='ltr'>obscuratum</span> <span class='ocrx_word' id='word_1_331' title='bbox 1248 2601 1289 2653; x_wconf 90' lang='lat' dir='ltr'>est</span> <span class='ocrx_word' id='word_1_332' title='bbox 1308 2594 1451 2670; x_wconf 88' lang='lat' dir='ltr'>insipiens</span> <span class='ocrx_word' id='word_1_333' title='bbox 1469 2610 1517 2654; x_wconf 88' lang='lat' dir='ltr'>cor</span> <span class='ocrx_word' id='word_1_334' title='bbox 1537 2610 1649 2667; x_wconf 92' lang='lat' dir='ltr'>eorum,</span> <span class='ocrx_word' id='word_1_335' title='bbox 1669 2595 1796 2655; x_wconf 89' lang='lat' dir='ltr'>dicentes</span> <span class='ocrx_word' id='word_1_336' title='bbox 1815 2595 1895 2654; x_wconf 91' lang='lat' dir='ltr'>enim</span> 
     </span>
     <span class='ocr_line' id='line_1_27' title="bbox 133 2682 1894 2762; baseline 0.002 -22"><span class='ocrx_word' id='word_1_337' title='bbox 133 2682 280 2743; x_wconf 87' lang='lat' dir='ltr'>divinitas</span> <span class='ocrx_word' id='word_1_338' title='bbox 310 2692 407 2743; x_wconf 90' lang='lat' dir='ltr'>autem</span> <span class='ocrx_word' id='word_1_339' title='bbox 444 2702 482 2745; x_wconf 83' lang='lat' dir='ltr'>ex</span> <span class='ocrx_word' id='word_1_340' title='bbox 517 2693 634 2761; x_wconf 88' lang='lat' dir='ltr'>paterna</span> <span class='ocrx_word' id='word_1_341' title='bbox 663 2689 810 2760; x_wconf 89' lang='lat' dir='ltr'>majestate</span> <span class='ocrx_word' id='word_1_342' title='bbox 838 2688 1014 2762; x_wconf 79' lang='lat' dir='ltr'>descendit,</span> <span class='ocrx_word' id='word_1_343' title='bbox 1037 2702 1067 2745; x_wconf 91' lang='lat' dir='ltr'>se</span> <span class='ocrx_word' id='word_1_344' title='bbox 1093 2702 1154 2745; x_wconf 91' lang='lat' dir='ltr'>esse</span> <span class='ocrx_word' id='word_1_345' title='bbox 1179 2686 1334 2759; x_wconf 90' lang='lat' dir='ltr'>sapientes,</span> <span class='ocrx_word' id='word_1_346' title='bbox 1358 2685 1439 2745; x_wconf 89' lang='lat' dir='ltr'>stulti</span> <span class='ocrx_word' id='word_1_347' title='bbox 1461 2686 1529 2744; x_wconf 90' lang='lat' dir='ltr'>lacti</span> <span class='ocrx_word' id='word_1_348' title='bbox 1554 2692 1642 2757; x_wconf 87' lang='lat' dir='ltr'>sunt;</span> <span class='ocrx_word' id='word_1_349' title='bbox 1657 2691 1686 2743; x_wconf 88' lang='lat' dir='ltr'>et</span> <span class='ocrx_word' id='word_1_350' title='bbox 1707 2691 1894 2744; x_wconf 88' lang='lat' dir='ltr'>mutaverunt</span> 
     </span>
     <span class='ocr_line' id='line_1_28' title="bbox 135 2773 1894 2852; baseline 0 -19"><span class='ocrx_word' id='word_1_351' title='bbox 135 2780 216 2833; x_wconf 87' lang='lat' dir='ltr'>recte</span> <span class='ocrx_word' id='word_1_352' title='bbox 241 2790 345 2848; x_wconf 91' lang='lat' dir='ltr'>eorpus</span> <span class='ocrx_word' id='word_1_353' title='bbox 372 2774 530 2835; x_wconf 90' lang='lat' dir='ltr'>Salvatoris</span> <span class='ocrx_word' id='word_1_354' title='bbox 556 2782 630 2835; x_wconf 87' lang='lat' dir='ltr'>terra</span> <span class='ocrx_word' id='word_1_355' title='bbox 659 2777 767 2836; x_wconf 88' lang='lat' dir='ltr'>dicitur</span> <span class='ocrx_word' id='word_1_356' title='bbox 796 2780 993 2852; x_wconf 88' lang='lat' dir='ltr'>repromissio·</span> <span class='ocrx_word' id='word_1_357' title='bbox 1036 2776 1160 2850; x_wconf 88' lang='lat' dir='ltr'>gloriam</span> <span class='ocrx_word' id='word_1_358' title='bbox 1179 2775 1410 2849; x_wconf 90' lang='lat' dir='ltr'>incorruptibilis</span> <span class='ocrx_word' id='word_1_359' title='bbox 1424 2775 1476 2834; x_wconf 88' lang='lat' dir='ltr'>Ilei</span> <span class='ocrx_word' id='word_1_360' title='bbox 1496 2775 1526 2833; x_wconf 94' lang='lat' dir='ltr'>in</span> <span class='ocrx_word' id='word_1_361' title='bbox 1547 2774 1771 2833; x_wconf 90' lang='lat' dir='ltr'>similitudinem</span> <span class='ocrx_word' id='word_1_362' title='bbox 1789 2773 1894 2849; x_wconf 86' lang='lat' dir='ltr'>imagi-</span> 
     </span>
     <span class='ocr_line' id='line_1_29' title="bbox 132 2864 1950 2941; baseline -0.001 -16"><span class='ocrx_word' id='word_1_363' title='bbox 132 2868 190 2927; x_wconf 87' lang='lat' dir='ltr'>nis.</span> <span class='ocrx_word' id='word_1_364' title='bbox 210 2867 285 2938; x_wconf 76' lang='lat' dir='ltr'>Qum</span> <span class='ocrx_word' id='word_1_365' title='bbox 300 2868 442 2927; x_wconf 91' lang='lat' dir='ltr'>nimirum</span> <span class='ocrx_word' id='word_1_366' title='bbox 457 2874 532 2926; x_wconf 85' lang='lat' dir='ltr'>terra</span> <span class='ocrx_word' id='word_1_367' title='bbox 553 2867 634 2941; x_wconf 84' lang='lat' dir='ltr'>lacte,</span> <span class='ocrx_word' id='word_1_368' title='bbox 651 2868 740 2928; x_wconf 90' lang='lat' dir='ltr'>simul</span> <span class='ocrx_word' id='word_1_369' title='bbox 759 2885 791 2928; x_wconf 90' lang='lat' dir='ltr'>ac</span> <span class='ocrx_word' id='word_1_370' title='bbox 806 2871 892 2928; x_wconf 89' lang='lat' dir='ltr'>melle</span> <span class='ocrx_word' id='word_1_371' title='bbox 907 2870 997 2931; x_wconf 91' lang='lat' dir='ltr'>lluere</span> <span class='ocrx_word' id='word_1_372' title='bbox 1037 2869 1084 2925; x_wconf 91' lang='lat' dir='ltr'>nis</span> <span class='ocrx_word' id='word_1_373' title='bbox 1101 2867 1301 2941; x_wconf 90' lang='lat' dir='ltr'>corruptibilis</span> <span class='ocrx_word' id='word_1_374' title='bbox 1316 2867 1455 2937; x_wconf 91' lang='lat' dir='ltr'>bominis,</span> <span class='ocrx_word' id='word_1_375' title='bbox 1476 2873 1504 2925; x_wconf 87' lang='lat' dir='ltr'>et</span> <span class='ocrx_word' id='word_1_376' title='bbox 1519 2864 1684 2937; x_wconf 88' lang='lat' dir='ltr'>volucrum,</span> <span class='ocrx_word' id='word_1_377' title='bbox 1709 2871 1738 2924; x_wconf 90' lang='lat' dir='ltr'>et</span> <span class='ocrx_word' id='word_1_378' title='bbox 1763 2866 1894 2940; x_wconf 89' lang='lat' dir='ltr'>quadra·</span> <span class='ocrx_word' id='word_1_379' title='bbox 1947 2890 1950 2895; x_wconf 93' lang='lat'>·</span> 
     </span>
     <span class='ocr_line' id='line_1_30' title="bbox 132 2955 1894 3034; baseline -0.002 -19"><span class='ocrx_word' id='word_1_380' title='bbox 132 2956 258 3029; x_wconf 86' lang='lat' dir='ltr'>dieitur,</span> <span class='ocrx_word' id='word_1_381' title='bbox 278 2959 348 3034; x_wconf 82' lang='lat' dir='ltr'>quia</span> <span class='ocrx_word' id='word_1_382' title='bbox 364 2959 395 3017; x_wconf 94' lang='lat' dir='ltr'>in</span> <span class='ocrx_word' id='word_1_383' title='bbox 415 2959 613 3033; x_wconf 78' lang='lat' dir='ltr'>Redemptor-is</span> <span class='ocrx_word' id='word_1_384' title='bbox 628 2960 719 3018; x_wconf 86' lang='lat' dir='ltr'>nostri</span> <span class='ocrx_word' id='word_1_385' title='bbox 734 2974 861 3033; x_wconf 88' lang='lat' dir='ltr'>corpore,</span> <span class='ocrx_word' id='word_1_386' title='bbox 882 2966 910 3019; x_wconf 88' lang='lat' dir='ltr'>el</span> <span class='ocrx_word' id='word_1_387' title='bbox 924 2961 995 3021; x_wconf 91' lang='lat' dir='ltr'>sub·</span> <span class='ocrx_word' id='word_1_388' title='bbox 1037 2958 1146 3032; x_wconf 89' lang='lat' dir='ltr'>pedum</span> <span class='ocrx_word' id='word_1_389' title='bbox 1164 2964 1193 3015; x_wconf 88' lang='lat' dir='ltr'>et</span> <span class='ocrx_word' id='word_1_390' title='bbox 1213 2956 1390 3031; x_wconf 89' lang='lat' dir='ltr'>serpentium</span> <span class='ocrx_word' id='word_1_391' title='bbox 1411 2961 1498 3027; x_wconf 82' lang='lat' dir='ltr'>(Rom.</span> <span class='ocrx_word' id='word_1_392' title='bbox 1522 2960 1553 3027; x_wconf 86' lang='lat' dir='ltr'>t).</span> <span class='ocrx_word' id='word_1_393' title='bbox 1582 2977 1596 3010; x_wconf 85' lang='lat'>»</span> <span class='ocrx_word' id='word_1_394' title='bbox 1622 2956 1677 3015; x_wconf 89' lang='lat' dir='ltr'>Per</span> <span class='ocrx_word' id='word_1_395' title='bbox 1700 2955 1774 3014; x_wconf 91' lang='lat' dir='ltr'>banc</span> <span class='ocrx_word' id='word_1_396' title='bbox 1795 2955 1894 3028; x_wconf 83' lang='lat' dir='ltr'>itaque</span> 
     </span>
     <span class='ocr_line' id='line_1_31' title="bbox 130 3042 1894 3121; baseline -0.003 -15"><span class='ocrx_word' id='word_1_397' title='bbox 130 3048 242 3106; x_wconf 88' lang='lat' dir='ltr'>stantia</span> <span class='ocrx_word' id='word_1_398' title='bbox 260 3064 327 3106; x_wconf 84' lang='lat' dir='ltr'>rere</span> <span class='ocrx_word' id='word_1_399' title='bbox 339 3054 368 3106; x_wconf 92' lang='lat' dir='ltr'>et</span> <span class='ocrx_word' id='word_1_400' title='bbox 389 3048 512 3108; x_wconf 91' lang='lat' dir='ltr'>dulcedo</span> <span class='ocrx_word' id='word_1_401' title='bbox 534 3053 579 3106; x_wconf 91' lang='lat' dir='ltr'>est</span> <span class='ocrx_word' id='word_1_402' title='bbox 594 3047 752 3107; x_wconf 83' lang='lat' dir='ltr'>ineffabilis</span> <span class='ocrx_word' id='word_1_403' title='bbox 776 3048 898 3108; x_wconf 90' lang='lat' dir='ltr'>deitatis.</span> <span class='ocrx_word' id='word_1_404' title='bbox 923 3073 938 3105; x_wconf 82' lang='lat' dir='ltr'>o</span> <span class='ocrx_word' id='word_1_405' title='bbox 961 3050 1004 3109; x_wconf 87' lang='lat' dir='ltr'>ln</span> <span class='ocrx_word' id='word_1_406' title='bbox 1038 3063 1154 3106; x_wconf 78' lang='lat' dir='ltr'>vesanae</span> <span class='ocrx_word' id='word_1_407' title='bbox 1169 3047 1322 3121; x_wconf 78' lang='lat' dir='ltr'>sapienties</span> <span class='ocrx_word' id='word_1_408' title='bbox 1333 3048 1491 3106; x_wconf 91' lang='lat' dir='ltr'>vanitatem</span> <span class='ocrx_word' id='word_1_409' title='bbox 1500 3055 1601 3121; x_wconf 65' lang='lat' dir='ltr'>poem,</span> <span class='ocrx_word' id='word_1_410' title='bbox 1616 3044 1791 3120; x_wconf 87' lang='lat' dir='ltr'>philosophi,</span> <span class='ocrx_word' id='word_1_411' title='bbox 1805 3042 1894 3117; x_wconf 88' lang='lat' dir='ltr'>magi,</span> 
     </span>
     <span class='ocr_line' id='line_1_32' title="bbox 132 3134 1896 3233; baseline -0.001 -38"><span class='ocrx_word' id='word_1_412' title='bbox 132 3136 198 3211; x_wconf 86' lang='lat' dir='ltr'>ipso</span> <span class='ocrx_word' id='word_1_413' title='bbox 213 3137 306 3207; x_wconf 88' lang='lat' dir='ltr'>enim,</span> <span class='ocrx_word' id='word_1_414' title='bbox 324 3138 399 3197; x_wconf 89' lang='lat' dir='ltr'>sicut</span> <span class='ocrx_word' id='word_1_415' title='bbox 413 3140 568 3214; x_wconf 79' lang='lat' dir='ltr'>Apostolus</span> <span class='ocrx_word' id='word_1_416' title='bbox 585 3138 636 3211; x_wconf 86' lang='lat' dir='ltr'>ait,</span> <span class='ocrx_word' id='word_1_417' title='bbox 656 3138 766 3197; x_wconf 87' lang='lat' dir='ltr'>babitat</span> <span class='ocrx_word' id='word_1_418' title='bbox 783 3138 880 3197; x_wconf 91' lang='lat' dir='ltr'>omnis</span> <span class='ocrx_word' id='word_1_419' title='bbox 899 3140 1028 3233; x_wconf 70' lang='lat' dir='ltr'>pleni-G</span> <span class='ocrx_word' id='word_1_420' title='bbox 1042 3137 1170 3197; x_wconf 86' lang='lat' dir='ltr'>siderum</span> <span class='ocrx_word' id='word_1_421' title='bbox 1189 3137 1340 3197; x_wconf 91' lang='lat' dir='ltr'>rimatores</span> <span class='ocrx_word' id='word_1_422' title='bbox 1352 3138 1544 3210; x_wconf 82' lang='lat' dir='ltr'>omniumque</span> <span class='ocrx_word' id='word_1_423' title='bbox 1558 3136 1777 3211; x_wconf 84' lang='lat' dir='ltr'>disciplinarum</span> <span class='ocrx_word' id='word_1_424' title='bbox 1793 3134 1896 3194; x_wconf 90' lang='lat' dir='ltr'>libera·</span> 
     </span>
     <span class='ocr_line' id='line_1_33' title="bbox 133 3220 1921 3303; baseline 0.001 -19"><span class='ocrx_word' id='word_1_425' title='bbox 133 3228 209 3287; x_wconf 91' lang='lat' dir='ltr'>ludo</span> <span class='ocrx_word' id='word_1_426' title='bbox 234 3227 397 3287; x_wconf 90' lang='lat' dir='ltr'>divinitatis</span> <span class='ocrx_word' id='word_1_427' title='bbox 421 3227 605 3303; x_wconf 89' lang='lat' dir='ltr'>corporaliter</span> <span class='ocrx_word' id='word_1_428' title='bbox 628 3231 695 3297; x_wconf 79' lang='lat' dir='ltr'>(Col.</span> <span class='ocrx_word' id='word_1_429' title='bbox 722 3233 753 3298; x_wconf 90' lang='lat'>11)</span> <span class='ocrx_word' id='word_1_430' title='bbox 787 3247 793 3287; x_wconf 94' lang='lat'><strong>:</strong></span> <span class='ocrx_word' id='word_1_431' title='bbox 820 3250 834 3282; x_wconf 73' lang='lat' dir='ltr'>r</span> <span class='ocrx_word' id='word_1_432' title='bbox 861 3235 890 3288; x_wconf 89' lang='lat' dir='ltr'>et</span> <span class='ocrx_word' id='word_1_433' title='bbox 911 3220 997 3302; x_wconf 88' lang='lat' dir='ltr'>alibi,</span> <span class='ocrx_word' id='word_1_434' title='bbox 1039 3244 1107 3288; x_wconf 90' lang='lat' dir='ltr'>rum</span> <span class='ocrx_word' id='word_1_435' title='bbox 1130 3227 1265 3288; x_wconf 92' lang='lat' dir='ltr'>instructi</span> <span class='ocrx_word' id='word_1_436' title='bbox 1291 3227 1405 3302; x_wconf 91' lang='lat' dir='ltr'>peritia,</span> <span class='ocrx_word' id='word_1_437' title='bbox 1431 3227 1594 3303; x_wconf 88' lang='lat' dir='ltr'>prodigiosa</span> <span class='ocrx_word' id='word_1_438' title='bbox 1619 3227 1750 3288; x_wconf 85' lang='lat' dir='ltr'>solebant</span> <span class='ocrx_word' id='word_1_439' title='bbox 1776 3227 1921 3303; x_wconf 77' lang='lat' dir='ltr'>adorare¹</span> 
     </span>
     <span class='ocr_line' id='line_1_34' title="bbox 131 3317 1894 3396; baseline 0.001 -20"><span class='ocrx_word' id='word_1_440' title='bbox 131 3338 145 3369; x_wconf 76' lang='grc' dir='ltr'><strong>ε</strong></span> <span class='ocrx_word' id='word_1_441' title='bbox 170 3317 255 3376; x_wconf 86' lang='lat' dir='ltr'>Deus</span> <span class='ocrx_word' id='word_1_442' title='bbox 279 3324 340 3376; x_wconf 93' lang='lat' dir='ltr'>erat</span> <span class='ocrx_word' id='word_1_443' title='bbox 362 3319 393 3376; x_wconf 90' lang='lat' dir='ltr'>in</span> <span class='ocrx_word' id='word_1_444' title='bbox 417 3318 530 3377; x_wconf 82' lang='lat' dir='ltr'>Gbristo</span> <span class='ocrx_word' id='word_1_445' title='bbox 554 3319 700 3377; x_wconf 92' lang='lat' dir='ltr'>mundum</span> <span class='ocrx_word' id='word_1_446' title='bbox 723 3318 914 3378; x_wconf 88' lang='lat' dir='ltr'>reconcilians</span> <span class='ocrx_word' id='word_1_447' title='bbox 939 3318 996 3379; x_wconf 92' lang='lat' dir='ltr'>sibi</span> <span class='ocrx_word' id='word_1_448' title='bbox 1039 3318 1179 3396; x_wconf 87' lang='lat' dir='ltr'>figmenta</span> <span class='ocrx_word' id='word_1_449' title='bbox 1194 3319 1419 3380; x_wconf 84' lang='lat' dir='ltr'>daemoniorum.</span> <span class='ocrx_word' id='word_1_450' title='bbox 1437 3319 1472 3378; x_wconf 89' lang='lat' dir='ltr'>In</span> <span class='ocrx_word' id='word_1_451' title='bbox 1487 3319 1578 3380; x_wconf 90' lang='lat' dir='ltr'>vitulo</span> <span class='ocrx_word' id='word_1_452' title='bbox 1593 3320 1683 3394; x_wconf 88' lang='lat' dir='ltr'>igitur</span> <span class='ocrx_word' id='word_1_453' title='bbox 1700 3318 1894 3395; x_wconf 85' lang='lat' dir='ltr'>significatum</span> 
     </span>
     <span class='ocr_line' id='line_1_35' title="bbox 128 3406 1895 3483; baseline -0.001 -18"><span class='ocrx_word' id='word_1_454' title='bbox 128 3408 168 3479; x_wconf 80' lang='lat' dir='ltr'>(tr</span> <span class='ocrx_word' id='word_1_455' title='bbox 182 3410 248 3467; x_wconf 78' lang='lat' dir='ltr'>cor.</span> <span class='ocrx_word' id='word_1_456' title='bbox 263 3412 303 3477; x_wconf 88' lang='lat' dir='ltr'>vl.</span> <span class='ocrx_word' id='word_1_457' title='bbox 322 3430 336 3461; x_wconf 72' lang='lat' dir='ltr'>a</span> <span class='ocrx_word' id='word_1_458' title='bbox 356 3409 402 3468; x_wconf 91' lang='lat' dir='ltr'>Ad</span> <span class='ocrx_word' id='word_1_459' title='bbox 418 3410 493 3468; x_wconf 88' lang='lat' dir='ltr'>banc</span> <span class='ocrx_word' id='word_1_460' title='bbox 512 3408 676 3468; x_wconf 88' lang='lat' dir='ltr'>viventium</span> <span class='ocrx_word' id='word_1_461' title='bbox 696 3414 800 3467; x_wconf 89' lang='lat' dir='ltr'>terram</span> <span class='ocrx_word' id='word_1_462' title='bbox 819 3408 869 3483; x_wconf 91' lang='lat' dir='ltr'>ille</span> <span class='ocrx_word' id='word_1_463' title='bbox 884 3426 936 3470; x_wconf 88' lang='lat' dir='ltr'>nos</span> <span class='ocrx_word' id='word_1_464' title='bbox 949 3410 995 3468; x_wconf 90' lang='lat' dir='ltr'>di·</span> <span class='ocrx_word' id='word_1_465' title='bbox 1039 3414 1082 3467; x_wconf 89' lang='lat' dir='ltr'>est</span> <span class='ocrx_word' id='word_1_466' title='bbox 1106 3415 1198 3469; x_wconf 91' lang='lat' dir='ltr'>totum</span> <span class='ocrx_word' id='word_1_467' title='bbox 1220 3425 1335 3483; x_wconf 86' lang='lat' dir='ltr'>corpus,</span> <span class='ocrx_word' id='word_1_468' title='bbox 1361 3409 1390 3467; x_wconf 94' lang='lat' dir='ltr'>id</span> <span class='ocrx_word' id='word_1_469' title='bbox 1414 3416 1457 3468; x_wconf 89' lang='lat' dir='ltr'>est</span> <span class='ocrx_word' id='word_1_470' title='bbox 1479 3409 1575 3468; x_wconf 89' lang='lat' dir='ltr'>omnis</span> <span class='ocrx_word' id='word_1_471' title='bbox 1600 3408 1720 3468; x_wconf 87' lang='lat' dir='ltr'>societas</span> <span class='ocrx_word' id='word_1_472' title='bbox 1740 3406 1895 3482; x_wconf 82' lang='lat' dir='ltr'>gentilium</span> 
     </span>
     <span class='ocr_line' id='line_1_36' title="bbox 129 3495 1895 3581; baseline -0.001 -27"><span class='ocrx_word' id='word_1_473' title='bbox 129 3504 243 3569; x_wconf 85' lang='lat' dir='ltr'>gnetur</span> <span class='ocrx_word' id='word_1_474' title='bbox 257 3496 405 3568; x_wconf 89' lang='lat' dir='ltr'>inducere,</span> <span class='ocrx_word' id='word_1_475' title='bbox 420 3499 471 3574; x_wconf 86' lang='lat' dir='ltr'>qui</span> <span class='ocrx_word' id='word_1_476' title='bbox 491 3505 574 3557; x_wconf 72' lang='lat' dir='ltr'>terrae</span> <span class='ocrx_word' id='word_1_477' title='bbox 594 3504 701 3579; x_wconf 77' lang='lat' dir='ltr'>nostrae</span> <span class='ocrx_word' id='word_1_478' title='bbox 719 3498 851 3557; x_wconf 90' lang='lat' dir='ltr'>mortalia</span> <span class='ocrx_word' id='word_1_479' title='bbox 867 3515 924 3558; x_wconf 94' lang='lat' dir='ltr'>non</span> <span class='ocrx_word' id='word_1_480' title='bbox 936 3500 996 3581; x_wconf 90' lang='lat' dir='ltr'>de-</span> <span class='ocrx_word' id='word_1_481' title='bbox 1038 3500 1210 3561; x_wconf 81' lang='lat' dir='ltr'>idololatriae</span> <span class='ocrx_word' id='word_1_482' title='bbox 1229 3499 1401 3558; x_wconf 86' lang='lat' dir='ltr'>deditorum.</span> <span class='ocrx_word' id='word_1_483' title='bbox 1421 3497 1536 3573; x_wconf 81' lang='lat' dir='ltr'>Moyses</span> <span class='ocrx_word' id='word_1_484' title='bbox 1558 3497 1656 3573; x_wconf 79' lang='lat' dir='ltr'>itaque</span> <span class='ocrx_word' id='word_1_485' title='bbox 1674 3496 1801 3557; x_wconf 90' lang='lat' dir='ltr'>vitulum</span> <span class='ocrx_word' id='word_1_486' title='bbox 1827 3495 1895 3570; x_wconf 88' lang='lat' dir='ltr'>igne</span> 
     </span>
     <span class='ocr_line' id='line_1_37' title="bbox 129 3583 1895 3664; baseline -0.002 -20"><span class='ocrx_word' id='word_1_487' title='bbox 129 3588 332 3662; x_wconf 88' lang='lat' dir='ltr'>dignatusest</span> <span class='ocrx_word' id='word_1_488' title='bbox 353 3590 483 3660; x_wconf 87' lang='lat' dir='ltr'>tolerare,</span> <span class='ocrx_word' id='word_1_489' title='bbox 503 3598 647 3664; x_wconf 80' lang='lat' dir='ltr'>quatenus</span> <span class='ocrx_word' id='word_1_490' title='bbox 661 3590 703 3648; x_wconf 91' lang='lat' dir='ltr'>sic</span> <span class='ocrx_word' id='word_1_491' title='bbox 722 3589 763 3647; x_wconf 93' lang='lat' dir='ltr'>ibi</span> <span class='ocrx_word' id='word_1_492' title='bbox 780 3590 851 3649; x_wconf 87' lang='lat' dir='ltr'>lacte</span> <span class='ocrx_word' id='word_1_493' title='bbox 867 3598 894 3650; x_wconf 93' lang='lat' dir='ltr'>et</span> <span class='ocrx_word' id='word_1_494' title='bbox 909 3592 996 3653; x_wconf 88' lang='lat' dir='ltr'>melle</span> <span class='ocrx_word' id='word_1_495' title='bbox 1039 3590 1213 3650; x_wconf 89' lang='lat' dir='ltr'>combussit:</span> <span class='ocrx_word' id='word_1_496' title='bbox 1237 3590 1306 3663; x_wconf 85' lang='lat' dir='ltr'>quia</span> <span class='ocrx_word' id='word_1_497' title='bbox 1327 3589 1502 3662; x_wconf 85' lang='lat' dir='ltr'>Redemptor</span> <span class='ocrx_word' id='word_1_498' title='bbox 1523 3590 1629 3657; x_wconf 89' lang='lat' dir='ltr'>noster,</span> <span class='ocrx_word' id='word_1_499' title='bbox 1658 3600 1746 3661; x_wconf 87' lang='lat' dir='ltr'>quem</span> <span class='ocrx_word' id='word_1_500' title='bbox 1777 3584 1827 3643; x_wconf 90' lang='lat' dir='ltr'>ille</span> <span class='ocrx_word' id='word_1_501' title='bbox 1853 3583 1895 3641; x_wconf 90' lang='lat' dir='ltr'>si·</span> 
     </span>
     <span class='ocr_line' id='line_1_38' title="bbox 130 3673 1896 3757; baseline -0.002 -23"><span class='ocrx_word' id='word_1_502' title='bbox 130 3693 294 3737; x_wconf 79' lang='lat' dir='ltr'>vescamur</span> <span class='ocrx_word' id='word_1_503' title='bbox 316 3686 348 3738; x_wconf 90' lang='lat' dir='ltr'>ut</span> <span class='ocrx_word' id='word_1_504' title='bbox 373 3679 530 3738; x_wconf 86' lang='lat' dir='ltr'>Salvatnris</span> <span class='ocrx_word' id='word_1_505' title='bbox 554 3679 643 3738; x_wconf 91' lang='lat' dir='ltr'>nostri</span> <span class='ocrx_word' id='word_1_506' title='bbox 668 3677 822 3753; x_wconf 81' lang='lat' dir='ltr'>praesentia</span> <span class='ocrx_word' id='word_1_507' title='bbox 845 3687 873 3737; x_wconf 89' lang='lat' dir='ltr'>et</span> <span class='ocrx_word' id='word_1_508' title='bbox 898 3681 995 3740; x_wconf 91' lang='lat' dir='ltr'>melli·</span> <span class='ocrx_word' id='word_1_509' title='bbox 1038 3686 1186 3754; x_wconf 85' lang='lat' dir='ltr'>gnarerat,</span> <span class='ocrx_word' id='word_1_510' title='bbox 1206 3678 1281 3757; x_wconf 87' lang='lat' dir='ltr'>male</span> <span class='ocrx_word' id='word_1_511' title='bbox 1307 3677 1470 3752; x_wconf 88' lang='lat' dir='ltr'>conspirata</span> <span class='ocrx_word' id='word_1_512' title='bbox 1492 3675 1576 3735; x_wconf 92' lang='lat' dir='ltr'>corda</span> <span class='ocrx_word' id='word_1_513' title='bbox 1597 3673 1752 3750; x_wconf 87' lang='lat' dir='ltr'>gentilium</span> <span class='ocrx_word' id='word_1_514' title='bbox 1777 3674 1896 3733; x_wconf 89' lang='lat' dir='ltr'>flamma</span> 
     </span>
     <span class='ocr_line' id='line_1_39' title="bbox 127 3763 1895 3849; baseline -0.002 -24"><span class='ocrx_word' id='word_1_515' title='bbox 127 3768 191 3827; x_wconf 84' lang='lat' dir='ltr'>dua</span> <span class='ocrx_word' id='word_1_516' title='bbox 223 3767 386 3828; x_wconf 89' lang='lat' dir='ltr'>divinitatis</span> <span class='ocrx_word' id='word_1_517' title='bbox 411 3769 474 3845; x_wconf 76' lang='lat' dir='ltr'>eJus</span> <span class='ocrx_word' id='word_1_518' title='bbox 493 3770 646 3829; x_wconf 89' lang='lat' dir='ltr'>dulcedine</span> <span class='ocrx_word' id='word_1_519' title='bbox 670 3768 818 3829; x_wconf 87' lang='lat' dir='ltr'>satiemur.</span> <span class='ocrx_word' id='word_1_520' title='bbox 845 3769 900 3839; x_wconf 85' lang='lat' dir='ltr'>Qui</span> <span class='ocrx_word' id='word_1_521' title='bbox 926 3787 995 3831; x_wconf 91' lang='lat' dir='ltr'>cum</span> <span class='ocrx_word' id='word_1_522' title='bbox 1040 3786 1101 3830; x_wconf 77' lang='lat' dir='ltr'>sura</span> <span class='ocrx_word' id='word_1_523' title='bbox 1126 3769 1273 3829; x_wconf 85' lang='lat' dir='ltr'>charitatis</span> <span class='ocrx_word' id='word_1_524' title='bbox 1296 3768 1434 3827; x_wconf 87' lang='lat' dir='ltr'>accendit.</span> <span class='ocrx_word' id='word_1_525' title='bbox 1461 3767 1544 3826; x_wconf 91' lang='lat' dir='ltr'>Unde</span> <span class='ocrx_word' id='word_1_526' title='bbox 1564 3766 1664 3849; x_wconf 87' lang='lat' dir='ltr'>etipse</span> <span class='ocrx_word' id='word_1_527' title='bbox 1676 3766 1765 3824; x_wconf 85' lang='lat' dir='ltr'>ait:·</span> <span class='ocrx_word' id='word_1_528' title='bbox 1794 3763 1895 3838; x_wconf 86' lang='lat' dir='ltr'>ignem</span> 
     </span>
     <span class='ocr_line' id='line_1_40' title="bbox 128 3852 1894 3936; baseline -0.003 -20"><span class='ocrx_word' id='word_1_529' title='bbox 128 3857 192 3918; x_wconf 88' lang='lat' dir='ltr'>Deo</span> <span class='ocrx_word' id='word_1_530' title='bbox 227 3858 322 3929; x_wconf 89' lang='lat' dir='ltr'>Patre,</span> <span class='ocrx_word' id='word_1_531' title='bbox 351 3867 379 3918; x_wconf 88' lang='lat' dir='ltr'>et</span> <span class='ocrx_word' id='word_1_532' title='bbox 405 3860 516 3934; x_wconf 85' lang='lat' dir='ltr'>Spiritu</span> <span class='ocrx_word' id='word_1_533' title='bbox 542 3868 640 3919; x_wconf 89' lang='lat' dir='ltr'>sancto</span> <span class='ocrx_word' id='word_1_534' title='bbox 663 3860 747 3932; x_wconf 87' lang='lat' dir='ltr'>vivit,</span> <span class='ocrx_word' id='word_1_535' title='bbox 771 3865 800 3917; x_wconf 89' lang='lat' dir='ltr'>et</span> <span class='ocrx_word' id='word_1_536' title='bbox 821 3867 922 3931; x_wconf 84' lang='lat' dir='ltr'>regnat</span> <span class='ocrx_word' id='word_1_537' title='bbox 944 3878 996 3936; x_wconf 89' lang='lat' dir='ltr'>per</span> <span class='ocrx_word' id='word_1_538' title='bbox 1040 3859 1108 3917; x_wconf 85' lang='lat' dir='ltr'>veni</span> <span class='ocrx_word' id='word_1_539' title='bbox 1123 3859 1237 3917; x_wconf 88' lang='lat' dir='ltr'>mittere</span> <span class='ocrx_word' id='word_1_540' title='bbox 1252 3858 1282 3917; x_wconf 92' lang='lat' dir='ltr'>iu</span> <span class='ocrx_word' id='word_1_541' title='bbox 1304 3865 1421 3929; x_wconf 91' lang='lat' dir='ltr'>terram,</span> <span class='ocrx_word' id='word_1_542' title='bbox 1444 3864 1471 3915; x_wconf 91' lang='lat' dir='ltr'>et</span> <span class='ocrx_word' id='word_1_543' title='bbox 1486 3853 1556 3931; x_wconf 82' lang='lat' dir='ltr'>quid</span> <span class='ocrx_word' id='word_1_544' title='bbox 1571 3854 1646 3923; x_wconf 88' lang='lat' dir='ltr'>volo,</span> <span class='ocrx_word' id='word_1_545' title='bbox 1666 3852 1778 3913; x_wconf 90' lang='lat' dir='ltr'>nisitut</span> <span class='ocrx_word' id='word_1_546' title='bbox 1791 3868 1894 3912; x_wconf 88' lang='lat' dir='ltr'>accen·</span> 
     </span>
     <span class='ocr_line' id='line_1_41' title="bbox 127 3940 1894 4018; baseline -0.003 -12"><span class='ocrx_word' id='word_1_547' title='bbox 127 3949 237 4008; x_wconf 88' lang='lat' dir='ltr'>omnia</span> <span class='ocrx_word' id='word_1_548' title='bbox 251 3948 360 4009; x_wconf 81' lang='lat' dir='ltr'>saecula</span> <span class='ocrx_word' id='word_1_549' title='bbox 373 3950 558 4011; x_wconf 82' lang='lat' dir='ltr'>saeculorum.</span> <span class='ocrx_word' id='word_1_550' title='bbox 575 3952 681 4009; x_wconf 90' lang='lat' dir='ltr'>Amen.</span> <span class='ocrx_word' id='word_1_551' title='bbox 1039 3946 1150 4007; x_wconf 82' lang='lat' dir='ltr'>datur?</span> <span class='ocrx_word' id='word_1_552' title='bbox 1164 3950 1238 4018; x_wconf 80' lang='lat' dir='ltr'>(boc.</span> <span class='ocrx_word' id='word_1_553' title='bbox 1258 3951 1324 4017; x_wconf 79' lang='lat' dir='ltr'>xtr.)</span> <span class='ocrx_word' id='word_1_554' title='bbox 1337 3969 1351 3996; x_wconf 70' lang='grc' dir='ltr'><strong>υ</strong></span> <span class='ocrx_word' id='word_1_555' title='bbox 1368 3945 1404 4003; x_wconf 79' lang='lat' dir='ltr'>dt</span> <span class='ocrx_word' id='word_1_556' title='bbox 1423 3945 1583 4017; x_wconf 89' lang='lat' dir='ltr'>Propbeta:</span> <span class='ocrx_word' id='word_1_557' title='bbox 1605 3964 1619 3994; x_wconf 78' lang='grc' dir='ltr'><strong>α</strong></span> <span class='ocrx_word' id='word_1_558' title='bbox 1640 3942 1705 4001; x_wconf 93' lang='lat' dir='ltr'>Non</span> <span class='ocrx_word' id='word_1_559' title='bbox 1718 3947 1770 4013; x_wconf 90' lang='lat' dir='ltr'>est,</span> <span class='ocrx_word' id='word_1_560' title='bbox 1786 3940 1894 4016; x_wconf 82' lang='lat' dir='ltr'>innuit,</span> 
     </span>
     <span class='ocr_line' id='line_1_42' title="bbox 467 4024 1895 4112; baseline -0.013 -4"><span class='ocrx_word' id='word_1_561' title='bbox 467 4048 592 4109; x_wconf 80' lang='lat' dir='ltr'>sntrlto</span> <span class='ocrx_word' id='word_1_562' title='bbox 608 4049 660 4106; x_wconf 92' lang='lat' dir='ltr'>lll.</span> <span class='ocrx_word' id='word_1_563' title='bbox 1039 4037 1091 4112; x_wconf 84' lang='lat' dir='ltr'>qui</span> <span class='ocrx_word' id='word_1_564' title='bbox 1112 4052 1142 4094; x_wconf 83' lang='lat' dir='ltr'>se</span> <span class='ocrx_word' id='word_1_565' title='bbox 1169 4035 1326 4094; x_wconf 88' lang='lat' dir='ltr'>abscondat</span> <span class='ocrx_word' id='word_1_566' title='bbox 1350 4052 1368 4094; x_wconf 88' lang='lat' dir='ltr'>a</span> <span class='ocrx_word' id='word_1_567' title='bbox 1391 4034 1485 4093; x_wconf 89' lang='lat' dir='ltr'>calore</span> <span class='ocrx_word' id='word_1_568' title='bbox 1508 4024 1572 4111; x_wconf 80' lang='lat' dir='ltr'>ejus</span> <span class='ocrx_word' id='word_1_569' title='bbox 1595 4035 1678 4109; x_wconf 80' lang='lat' dir='ltr'>(Psoi.</span> <span class='ocrx_word' id='word_1_570' title='bbox 1702 4036 1799 4103; x_wconf 74' lang='lat' dir='ltr'>xvtttl.</span> <span class='ocrx_word' id='word_1_571' title='bbox 1820 4052 1835 4085; x_wconf 76' lang='lat' dir='ltr'>s</span> <span class='ocrx_word' id='word_1_572' title='bbox 1860 4030 1895 4089; x_wconf 90' lang='lat' dir='ltr'>lu</span> 
     </span>
    </p>
   </div>
   <div class='ocr_carea' id='block_1_3' title="bbox 205 4121 1898 4284">
    <p class='ocr_par' dir='ltr' id='par_1_3' title="bbox 205 4121 1898 4284">
     <span class='ocr_line' id='line_1_43' title="bbox 205 4121 1898 4199; baseline -0.009 -7"><span class='ocrx_word' id='word_1_573' title='bbox 205 4147 246 4194; x_wconf 83' lang='lat' dir='ltr'>ne</span> <span class='ocrx_word' id='word_1_574' title='bbox 262 4145 375 4194; x_wconf 75' lang='lat' dir='ltr'>sancio</span> <span class='ocrx_word' id='word_1_575' title='bbox 388 4148 548 4195; x_wconf 74' lang='lat' dir='ltr'>mnsrnsro</span> <span class='ocrx_word' id='word_1_576' title='bbox 571 4146 714 4194; x_wconf 77' lang='lat' dir='ltr'>nonnoso</span> <span class='ocrx_word' id='word_1_577' title='bbox 729 4146 765 4192; x_wconf 81' lang='lat' dir='ltr'>nr</span> <span class='ocrx_word' id='word_1_578' title='bbox 783 4145 925 4194; x_wconf 73' lang='lat' dir='ltr'>nonnnnn</span> <span class='ocrx_word' id='word_1_579' title='bbox 1041 4133 1137 4184; x_wconf 90' lang='lat' dir='ltr'>mente</span> <span class='ocrx_word' id='word_1_580' title='bbox 1160 4140 1228 4198; x_wconf 90' lang='lat' dir='ltr'>ergo</span> <span class='ocrx_word' id='word_1_581' title='bbox 1246 4124 1400 4199; x_wconf 89' lang='lat' dir='ltr'>gentilium</span> <span class='ocrx_word' id='word_1_582' title='bbox 1422 4130 1538 4197; x_wconf 87' lang='lat' dir='ltr'>repente</span> <span class='ocrx_word' id='word_1_583' title='bbox 1561 4123 1680 4183; x_wconf 84' lang='lat' dir='ltr'>divinus</span> <span class='ocrx_word' id='word_1_584' title='bbox 1700 4121 1777 4194; x_wconf 89' lang='lat' dir='ltr'>ignis</span> <span class='ocrx_word' id='word_1_585' title='bbox 1796 4134 1898 4180; x_wconf 88' lang='lat' dir='ltr'>accen-</span> 
     </span>
     <span class='ocr_line' id='line_1_44' title="bbox 403 4207 1897 4284; baseline -0.007 -7"><span class='ocrx_word' id='word_1_586' title='bbox 403 4228 407 4237; x_wconf 83' lang='lat'><strong><em>‘</em></strong></span> <span class='ocrx_word' id='word_1_587' title='bbox 466 4216 533 4276; x_wconf 68' lang='lat' dir='ltr'>lm</span> <span class='ocrx_word' id='word_1_588' title='bbox 552 4213 668 4275; x_wconf 64' lang='lat' dir='ltr'>MART-l·</span> <span class='ocrx_word' id='word_1_589' title='bbox 1040 4214 1128 4284; x_wconf 91' lang='lat' dir='ltr'>ditur,</span> <span class='ocrx_word' id='word_1_590' title='bbox 1156 4221 1199 4273; x_wconf 66' lang='lat' dir='ltr'>utn</span> <span class='ocrx_word' id='word_1_591' title='bbox 1217 4215 1248 4273; x_wconf 91' lang='lat' dir='ltr'>iu</span> <span class='ocrx_word' id='word_1_592' title='bbox 1274 4213 1316 4272; x_wconf 92' lang='lat' dir='ltr'>eis</span> <span class='ocrx_word' id='word_1_593' title='bbox 1343 4212 1548 4271; x_wconf 87' lang='lat' dir='ltr'>irrationabilis</span> <span class='ocrx_word' id='word_1_594' title='bbox 1572 4210 1743 4271; x_wconf 72' lang='lat' dir='ltr'>idololatria</span> <span class='ocrx_word' id='word_1_595' title='bbox 1768 4207 1897 4268; x_wconf 88' lang='lat' dir='ltr'>bestialis</span> 
     </span>
    </p>
   </div>
   <div class='ocr_carea' id='block_1_4' title="bbox 117 4293 1899 5725">
    <p class='ocr_par' dir='ltr' id='par_1_4' title="bbox 117 4293 1899 5725">
     <span class='ocr_line' id='line_1_45' title="bbox 161 4293 1895 4373; baseline -0.009 -4"><span class='ocrx_word' id='word_1_596' title='bbox 161 4295 214 4354; x_wconf 71' lang='lat' dir='ltr'>Ad</span> <span class='ocrx_word' id='word_1_597' title='bbox 236 4294 407 4369; x_wconf 63' lang='lat' dir='ltr'>pulchrum,</span> <span class='ocrx_word' id='word_1_598' title='bbox 423 4294 524 4353; x_wconf 61' lang='lat' dir='ltr'>stilles</span> <span class='ocrx_word' id='word_1_599' title='bbox 542 4294 716 4365; x_wconf 81' lang='lat' dir='ltr'>charissimi,</span> <span class='ocrx_word' id='word_1_600' title='bbox 737 4293 928 4353; x_wconf 59' lang='lat' dir='ltr'>&amp;invenimus</span> <span class='ocrx_word' id='word_1_601' title='bbox 941 4296 995 4353; x_wconf 81' lang='lat' dir='ltr'>ho·</span> <span class='ocrx_word' id='word_1_602' title='bbox 1040 4302 1133 4361; x_wconf 87' lang='lat' dir='ltr'>torma</span> <span class='ocrx_word' id='word_1_603' title='bbox 1147 4302 1285 4360; x_wconf 91' lang='lat' dir='ltr'>solvatur.</span> <span class='ocrx_word' id='word_1_604' title='bbox 1302 4301 1408 4360; x_wconf 85' lang='lat' dir='ltr'>Totum</span> <span class='ocrx_word' id='word_1_605' title='bbox 1420 4299 1525 4358; x_wconf 89' lang='lat' dir='ltr'>deinde</span> <span class='ocrx_word' id='word_1_606' title='bbox 1543 4314 1647 4373; x_wconf 89' lang='lat' dir='ltr'>corpus</span> <span class='ocrx_word' id='word_1_607' title='bbox 1659 4296 1745 4356; x_wconf 91' lang='lat' dir='ltr'>vituli</span> <span class='ocrx_word' id='word_1_608' title='bbox 1759 4295 1850 4372; x_wconf 86' lang='lat' dir='ltr'>hujus</span> <span class='ocrx_word' id='word_1_609' title='bbox 1863 4294 1895 4354; x_wconf 92' lang='lat' dir='ltr'>in</span> 
     </span>
     <span class='ocr_line' id='line_1_46' title="bbox 123 4382 1896 4466; baseline -0.005 -23"><span class='ocrx_word' id='word_1_610' title='bbox 123 4385 239 4444; x_wconf 90' lang='lat' dir='ltr'>dierna</span> <span class='ocrx_word' id='word_1_611' title='bbox 253 4384 409 4443; x_wconf 76' lang='lat' dir='ltr'>testivitate</span> <span class='ocrx_word' id='word_1_612' title='bbox 420 4385 626 4459; x_wconf 89' lang='lat' dir='ltr'>spectaculum,</span> <span class='ocrx_word' id='word_1_613' title='bbox 641 4399 709 4442; x_wconf 91' lang='lat' dir='ltr'>eum</span> <span class='ocrx_word' id='word_1_614' title='bbox 724 4382 882 4442; x_wconf 92' lang='lat' dir='ltr'>viderimus</span> <span class='ocrx_word' id='word_1_615' title='bbox 894 4399 996 4443; x_wconf 82' lang='lat' dir='ltr'>verum</span> <span class='ocrx_word' id='word_1_616' title='bbox 1040 4391 1194 4466; x_wconf 76' lang='lat' dir='ltr'>pulverem</span> <span class='ocrx_word' id='word_1_617' title='bbox 1227 4389 1446 4460; x_wconf 71' lang='lat' dir='ltr'>comminuitur,</span> <span class='ocrx_word' id='word_1_618' title='bbox 1474 4388 1544 4462; x_wconf 79' lang='lat' dir='ltr'>qnia</span> <span class='ocrx_word' id='word_1_619' title='bbox 1566 4387 1684 4462; x_wconf 75' lang='lat' dir='ltr'>gentitis</span> <span class='ocrx_word' id='word_1_620' title='bbox 1705 4386 1756 4445; x_wconf 77' lang='lat' dir='ltr'>itta</span> <span class='ocrx_word' id='word_1_621' title='bbox 1776 4385 1896 4445; x_wconf 76' lang='lat' dir='ltr'>societas</span> 
     </span>
     <span class='ocr_line' id='line_1_47' title="bbox 121 4471 1895 4553; baseline -0.006 -18"><span class='ocrx_word' id='word_1_622' title='bbox 121 4474 233 4535; x_wconf 89' lang='lat' dir='ltr'>David</span> <span class='ocrx_word' id='word_1_623' title='bbox 254 4481 386 4533; x_wconf 91' lang='lat' dir='ltr'>nostrum</span> <span class='ocrx_word' id='word_1_624' title='bbox 406 4476 533 4549; x_wconf 81' lang='lat' dir='ltr'>praedam</span> <span class='ocrx_word' id='word_1_625' title='bbox 552 4475 588 4533; x_wconf 88' lang='lat' dir='ltr'>de</span> <span class='ocrx_word' id='word_1_626' title='bbox 612 4473 723 4532; x_wconf 90' lang='lat' dir='ltr'>cruenti</span> <span class='ocrx_word' id='word_1_627' title='bbox 749 4474 840 4531; x_wconf 91' lang='lat' dir='ltr'>ieonis</span> <span class='ocrx_word' id='word_1_628' title='bbox 861 4474 996 4533; x_wconf 88' lang='lat' dir='ltr'>lauribus</span> <span class='ocrx_word' id='word_1_629' title='bbox 1042 4481 1192 4540; x_wconf 66' lang='lat' dir='ltr'>diobolicas</span> <span class='ocrx_word' id='word_1_630' title='bbox 1219 4477 1440 4553; x_wconf 80' lang='lat' dir='ltr'>conspirationis</span> <span class='ocrx_word' id='word_1_631' title='bbox 1457 4477 1489 4535; x_wconf 90' lang='lat' dir='ltr'>in</span> <span class='ocrx_word' id='word_1_632' title='bbox 1515 4483 1688 4536; x_wconf 74' lang='lat' dir='ltr'>unornane</span> <span class='ocrx_word' id='word_1_633' title='bbox 1710 4475 1842 4543; x_wconf 78' lang='lat' dir='ltr'>conflato,</span> <span class='ocrx_word' id='word_1_634' title='bbox 1858 4471 1895 4531; x_wconf 82' lang='lat' dir='ltr'>ad</span> 
     </span>
     <span class='ocr_line' id='line_1_48' title="bbox 120 4537 1895 4640; baseline -0.002 -19"><span class='ocrx_word' id='word_1_635' title='bbox 120 4564 300 4638; x_wconf 82' lang='lat' dir='ltr'>rapientem</span> <span class='ocrx_word' id='word_1_636' title='bbox 328 4566 352 4635; x_wconf 89' lang='lat' dir='ltr'>(l</span> <span class='ocrx_word' id='word_1_637' title='bbox 375 4567 441 4634; x_wconf 80' lang='lat' dir='ltr'>ltro.</span> <span class='ocrx_word' id='word_1_638' title='bbox 470 4564 552 4635; x_wconf 70' lang='lat' dir='ltr'>nvn),</span> <span class='ocrx_word' id='word_1_639' title='bbox 575 4563 634 4621; x_wconf 92' lang='lat' dir='ltr'>imo</span> <span class='ocrx_word' id='word_1_640' title='bbox 656 4577 724 4620; x_wconf 90' lang='lat' dir='ltr'>cum</span> <span class='ocrx_word' id='word_1_641' title='bbox 743 4562 818 4621; x_wconf 88' lang='lat' dir='ltr'>lasso</span> <span class='ocrx_word' id='word_1_642' title='bbox 846 4578 936 4638; x_wconf 90' lang='lat' dir='ltr'>puero</span> <span class='ocrx_word' id='word_1_643' title='bbox 960 4537 1207 4629; x_wconf 76' lang='lat' dir='ltr'>deDadventum.</span> <span class='ocrx_word' id='word_1_644' title='bbox 1229 4565 1335 4625; x_wconf 85' lang='lat' dir='ltr'>Gbristi</span> <span class='ocrx_word' id='word_1_645' title='bbox 1362 4564 1487 4640; x_wconf 84' lang='lat' dir='ltr'>quodam</span> <span class='ocrx_word' id='word_1_646' title='bbox 1512 4561 1591 4621; x_wconf 91' lang='lat' dir='ltr'>velut</span> <span class='ocrx_word' id='word_1_647' title='bbox 1615 4560 1718 4619; x_wconf 88' lang='lat' dir='ltr'>malleo</span> <span class='ocrx_word' id='word_1_648' title='bbox 1737 4559 1895 4619; x_wconf 79' lang='lat' dir='ltr'>salutiferas</span> 
     </span>
     <span class='ocr_line' id='line_1_49' title="bbox 121 4645 1895 4729; baseline -0.003 -18"><span class='ocrx_word' id='word_1_649' title='bbox 121 4651 370 4711; x_wconf 66' lang='lat' dir='ltr'>amalecitarum</span> <span class='ocrx_word' id='word_1_650' title='bbox 399 4651 500 4711; x_wconf 88' lang='lat' dir='ltr'>cuneis</span> <span class='ocrx_word' id='word_1_651' title='bbox 540 4651 732 4710; x_wconf 75' lang='lat' dir='ltr'>invictissime</span> <span class='ocrx_word' id='word_1_652' title='bbox 769 4651 996 4726; x_wconf 87' lang='lat' dir='ltr'>triumphantem</span> <span class='ocrx_word' id='word_1_653' title='bbox 1041 4655 1229 4729; x_wconf 87' lang='lat' dir='ltr'>correptionis</span> <span class='ocrx_word' id='word_1_654' title='bbox 1253 4658 1356 4713; x_wconf 84' lang='lat' dir='ltr'>extusa</span> <span class='ocrx_word' id='word_1_655' title='bbox 1375 4659 1462 4726; x_wconf 88' lang='lat' dir='ltr'>atque</span> <span class='ocrx_word' id='word_1_656' title='bbox 1483 4665 1500 4707; x_wconf 90' lang='lat' dir='ltr'>a</span> <span class='ocrx_word' id='word_1_657' title='bbox 1521 4648 1624 4723; x_wconf 89' lang='lat' dir='ltr'>rigoris</span> <span class='ocrx_word' id='word_1_658' title='bbox 1647 4646 1694 4706; x_wconf 87' lang='lat' dir='ltr'>sui</span> <span class='ocrx_word' id='word_1_659' title='bbox 1717 4645 1823 4704; x_wconf 89' lang='lat' dir='ltr'>duritia</span> <span class='ocrx_word' id='word_1_660' title='bbox 1853 4645 1895 4705; x_wconf 92' lang='lat' dir='ltr'>di·</span> 
     </span>
     <span class='ocr_line' id='line_1_50' title="bbox 123 4732 1895 4818; baseline -0.003 -20"><span class='ocrx_word' id='word_1_661' title='bbox 123 4745 147 4813; x_wconf 78' lang='lat' dir='ltr'>(l</span> <span class='ocrx_word' id='word_1_662' title='bbox 163 4746 242 4811; x_wconf 77' lang='lat' dir='ltr'>lieo.</span> <span class='ocrx_word' id='word_1_663' title='bbox 264 4742 326 4809; x_wconf 55' lang='lat' dir='ltr'>xvj:</span> <span class='ocrx_word' id='word_1_664' title='bbox 341 4740 443 4799; x_wconf 87' lang='lat' dir='ltr'>Beatus</span> <span class='ocrx_word' id='word_1_665' title='bbox 463 4741 541 4799; x_wconf 92' lang='lat' dir='ltr'>enim</span> <span class='ocrx_word' id='word_1_666' title='bbox 564 4740 746 4813; x_wconf 81' lang='lat' dir='ltr'>Anastasius,</span> <span class='ocrx_word' id='word_1_667' title='bbox 769 4747 801 4800; x_wconf 90' lang='lat' dir='ltr'>ut</span> <span class='ocrx_word' id='word_1_668' title='bbox 824 4741 887 4815; x_wconf 84' lang='lat' dir='ltr'>ejas</span> <span class='ocrx_word' id='word_1_669' title='bbox 910 4747 996 4799; x_wconf 88' lang='lat' dir='ltr'>testa·</span> <span class='ocrx_word' id='word_1_670' title='bbox 1041 4743 1104 4818; x_wconf 92' lang='lat' dir='ltr'>vini</span> <span class='ocrx_word' id='word_1_671' title='bbox 1118 4741 1199 4801; x_wconf 91' lang='lat' dir='ltr'>verbi</span> <span class='ocrx_word' id='word_1_672' title='bbox 1216 4750 1259 4801; x_wconf 91' lang='lat' dir='ltr'>est</span> <span class='ocrx_word' id='word_1_673' title='bbox 1272 4742 1380 4801; x_wconf 88' lang='lat' dir='ltr'>virtute</span> <span class='ocrx_word' id='word_1_674' title='bbox 1396 4737 1526 4797; x_wconf 88' lang='lat' dir='ltr'>contrita.</span> <span class='ocrx_word' id='word_1_675' title='bbox 1545 4735 1590 4794; x_wconf 88' lang='lat' dir='ltr'>Ad</span> <span class='ocrx_word' id='word_1_676' title='bbox 1611 4734 1732 4794; x_wconf 90' lang='lat' dir='ltr'>verbum</span> <span class='ocrx_word' id='word_1_677' title='bbox 1750 4732 1895 4807; x_wconf 82' lang='lat' dir='ltr'>siquidem</span> 
     </span>
     <span class='ocr_line' id='line_1_51' title="bbox 121 4820 1897 4903; baseline -0.003 -18"><span class='ocrx_word' id='word_1_678' title='bbox 121 4836 177 4887; x_wconf 89' lang='lat' dir='ltr'>tur</span> <span class='ocrx_word' id='word_1_679' title='bbox 196 4828 338 4899; x_wconf 84' lang='lat' dir='ltr'>historia,</span> <span class='ocrx_word' id='word_1_680' title='bbox 357 4829 435 4902; x_wconf 90' lang='lat' dir='ltr'>magi</span> <span class='ocrx_word' id='word_1_681' title='bbox 457 4829 568 4887; x_wconf 80' lang='lat' dir='ltr'>exstitit</span> <span class='ocrx_word' id='word_1_682' title='bbox 587 4827 677 4899; x_wconf 84' lang='lat' dir='ltr'>lilius,</span> <span class='ocrx_word' id='word_1_683' title='bbox 690 4837 718 4887; x_wconf 90' lang='lat' dir='ltr'>et</span> <span class='ocrx_word' id='word_1_684' title='bbox 736 4831 863 4903; x_wconf 90' lang='lat' dir='ltr'>paternis</span> <span class='ocrx_word' id='word_1_685' title='bbox 878 4828 998 4902; x_wconf 90' lang='lat' dir='ltr'>insuper</span> <span class='ocrx_word' id='word_1_686' title='bbox 1041 4830 1171 4890; x_wconf 89' lang='lat' dir='ltr'>veritatis</span> <span class='ocrx_word' id='word_1_687' title='bbox 1191 4829 1345 4890; x_wconf 90' lang='lat' dir='ltr'>salubriter</span> <span class='ocrx_word' id='word_1_688' title='bbox 1362 4824 1582 4896; x_wconf 88' lang='lat' dir='ltr'>comminuitur,</span> <span class='ocrx_word' id='word_1_689' title='bbox 1602 4838 1669 4898; x_wconf 83' lang='lat' dir='ltr'>quae</span> <span class='ocrx_word' id='word_1_690' title='bbox 1688 4820 1764 4880; x_wconf 89' lang='lat' dir='ltr'>male</span> <span class='ocrx_word' id='word_1_691' title='bbox 1783 4820 1897 4895; x_wconf 87' lang='lat' dir='ltr'>integra</span> 
     </span>
     <span class='ocr_line' id='line_1_52' title="bbox 121 4910 1894 4995; baseline -0.003 -21"><span class='ocrx_word' id='word_1_692' title='bbox 121 4916 235 4974; x_wconf 84' lang='lat' dir='ltr'>tuerat</span> <span class='ocrx_word' id='word_1_693' title='bbox 255 4916 414 4988; x_wconf 88' lang='lat' dir='ltr'>sacrilegiis</span> <span class='ocrx_word' id='word_1_694' title='bbox 432 4917 592 4975; x_wconf 89' lang='lat' dir='ltr'>institutus.</span> <span class='ocrx_word' id='word_1_695' title='bbox 619 4916 725 4975; x_wconf 87' lang='lat' dir='ltr'>Leonis</span> <span class='ocrx_word' id='word_1_696' title='bbox 755 4916 845 4990; x_wconf 90' lang='lat' dir='ltr'>igitur</span> <span class='ocrx_word' id='word_1_697' title='bbox 861 4916 999 4974; x_wconf 88' lang='lat' dir='ltr'>lancibus</span> <span class='ocrx_word' id='word_1_698' title='bbox 1041 4921 1072 4979; x_wconf 90' lang='lat' dir='ltr'>iu</span> <span class='ocrx_word' id='word_1_699' title='bbox 1101 4920 1247 4995; x_wconf 82' lang='lat' dir='ltr'>superbiae</span> <span class='ocrx_word' id='word_1_700' title='bbox 1273 4918 1366 4978; x_wconf 85' lang='lat' dir='ltr'>torma</span> <span class='ocrx_word' id='word_1_701' title='bbox 1395 4914 1603 4975; x_wconf 88' lang='lat' dir='ltr'>insensibiliter</span> <span class='ocrx_word' id='word_1_702' title='bbox 1630 4918 1704 4971; x_wconf 90' lang='lat' dir='ltr'>stare</span> <span class='ocrx_word' id='word_1_703' title='bbox 1733 4910 1894 4969; x_wconf 82' lang='lat' dir='ltr'>videbatur.</span> 
     </span>
     <span class='ocr_line' id='line_1_53' title="bbox 121 4999 1896 5083; baseline -0.002 -21"><span class='ocrx_word' id='word_1_704' title='bbox 121 5006 304 5076; x_wconf 86' lang='lat' dir='ltr'>tenebatur,</span> <span class='ocrx_word' id='word_1_705' title='bbox 319 5020 386 5062; x_wconf 90' lang='lat' dir='ltr'>cum</span> <span class='ocrx_word' id='word_1_706' title='bbox 406 5004 553 5079; x_wconf 68' lang='lat' dir='ltr'>sacrilegae</span> <span class='ocrx_word' id='word_1_707' title='bbox 576 5004 646 5062; x_wconf 89' lang='lat' dir='ltr'>artis</span> <span class='ocrx_word' id='word_1_708' title='bbox 670 5004 823 5079; x_wconf 75' lang='lat' dir='ltr'>praestigiis</span> <span class='ocrx_word' id='word_1_709' title='bbox 847 5011 995 5076; x_wconf 77' lang='lat' dir='ltr'>uteretur3</span> <span class='ocrx_word' id='word_1_710' title='bbox 1041 5010 1151 5069; x_wconf 85' lang='lat' dir='ltr'>Deinde</span> <span class='ocrx_word' id='word_1_711' title='bbox 1181 5008 1212 5067; x_wconf 93' lang='lat' dir='ltr'>in</span> <span class='ocrx_word' id='word_1_712' title='bbox 1236 5023 1343 5082; x_wconf 87' lang='lat' dir='ltr'>aquam</span> <span class='ocrx_word' id='word_1_713' title='bbox 1365 5006 1518 5083; x_wconf 86' lang='lat' dir='ltr'>spargitur,</span> <span class='ocrx_word' id='word_1_714' title='bbox 1544 5011 1575 5063; x_wconf 88' lang='lat' dir='ltr'>ut</span> <span class='ocrx_word' id='word_1_715' title='bbox 1598 4999 1773 5061; x_wconf 87' lang='lat' dir='ltr'>Israeliticus</span> <span class='ocrx_word' id='word_1_716' title='bbox 1799 5014 1836 5058; x_wconf 86' lang='lat' dir='ltr'>ert</span> <span class='ocrx_word' id='word_1_717' title='bbox 1862 5013 1896 5058; x_wconf 89' lang='lat' dir='ltr'>eo</span> 
     </span>
     <span class='ocr_line' id='line_1_54' title="bbox 118 5088 1897 5175; baseline -0.002 -22"><span class='ocrx_word' id='word_1_718' title='bbox 118 5094 176 5153; x_wconf 88' lang='lat' dir='ltr'>sed</span> <span class='ocrx_word' id='word_1_719' title='bbox 208 5094 318 5153; x_wconf 86' lang='lat' dir='ltr'>tortior</span> <span class='ocrx_word' id='word_1_720' title='bbox 345 5094 553 5169; x_wconf 89' lang='lat' dir='ltr'>superveniens</span> <span class='ocrx_word' id='word_1_721' title='bbox 572 5095 641 5153; x_wconf 87' lang='lat' dir='ltr'>vicit</span> <span class='ocrx_word' id='word_1_722' title='bbox 661 5093 825 5166; x_wconf 89' lang='lat' dir='ltr'>inimicum,</span> <span class='ocrx_word' id='word_1_723' title='bbox 849 5100 877 5152; x_wconf 91' lang='lat' dir='ltr'>et</span> <span class='ocrx_word' id='word_1_724' title='bbox 900 5093 999 5152; x_wconf 90' lang='lat' dir='ltr'>omnia</span> <span class='ocrx_word' id='word_1_725' title='bbox 1042 5096 1267 5175; x_wconf 82' lang='lat' dir='ltr'>populusbibot.</span> <span class='ocrx_word' id='word_1_726' title='bbox 1280 5090 1738 5164; x_wconf 74' lang='lat' dir='ltr'>comminutusdeniouevitulus</span> <span class='ocrx_word' id='word_1_727' title='bbox 1749 5088 1897 5161; x_wconf 80' lang='lat' dir='ltr'>inaquam</span> 
     </span>
     <span class='ocr_line' id='line_1_55' title="bbox 119 5176 1897 5262; baseline -0.012 -4"><span class='ocrx_word' id='word_1_728' title='bbox 119 5200 229 5255; x_wconf 64' lang='lat' dir='ltr'>asma,</span> <span class='ocrx_word' id='word_1_729' title='bbox 244 5183 575 5259; x_wconf 65' lang='lat' dir='ltr'>inqulbssswflfillssbab</span> <span class='ocrx_word' id='word_1_730' title='bbox 592 5183 711 5243; x_wconf 67' lang='lat' dir='ltr'>abstulit</span> <span class='ocrx_word' id='word_1_731' title='bbox 726 5188 801 5255; x_wconf 62' lang='lat' dir='ltr'>(lauc-</span> <span class='ocrx_word' id='word_1_732' title='bbox 819 5189 861 5253; x_wconf 66' lang='grc' dir='ltr'>ΧΗ</span> <span class='ocrx_word' id='word_1_733' title='bbox 876 5207 882 5241; x_wconf 77' lang='lat'>1</span> <span class='ocrx_word' id='word_1_734' title='bbox 900 5181 999 5257; x_wconf 70' lang='lat' dir='ltr'>Sicilie</span> <span class='ocrx_word' id='word_1_735' title='bbox 1042 5188 1174 5258; x_wconf 89' lang='lat' dir='ltr'>mittitur,</span> <span class='ocrx_word' id='word_1_736' title='bbox 1200 5186 1269 5262; x_wconf 88' lang='lat' dir='ltr'>quia</span> <span class='ocrx_word' id='word_1_737' title='bbox 1284 5185 1456 5245; x_wconf 90' lang='lat' dir='ltr'>bumiliatus</span> <span class='ocrx_word' id='word_1_738' title='bbox 1478 5181 1595 5256; x_wconf 89' lang='lat' dir='ltr'>gentilis</span> <span class='ocrx_word' id='word_1_739' title='bbox 1623 5178 1760 5255; x_wconf 90' lang='lat' dir='ltr'>populus,</span> <span class='ocrx_word' id='word_1_740' title='bbox 1783 5176 1897 5236; x_wconf 90' lang='lat' dir='ltr'>lavacro</span> 
     </span>
     <span class='ocr_line' id='line_1_56' title="bbox 118 5266 1897 5352; baseline -0.006 -16"><span class='ocrx_word' id='word_1_741' title='bbox 118 5294 220 5337; x_wconf 82' lang='lat' dir='ltr'>orem</span> <span class='ocrx_word' id='word_1_742' title='bbox 251 5284 394 5335; x_wconf 78' lang='lat' dir='ltr'>errantem</span> <span class='ocrx_word' id='word_1_743' title='bbox 414 5277 540 5337; x_wconf 86' lang='lat' dir='ltr'>adovils</span> <span class='ocrx_word' id='word_1_744' title='bbox 561 5277 713 5351; x_wconf 90' lang='lat' dir='ltr'>proprium</span> <span class='ocrx_word' id='word_1_745' title='bbox 739 5275 894 5352; x_wconf 87' lang='lat' dir='ltr'>reportavit</span> <span class='ocrx_word' id='word_1_746' title='bbox 908 5278 998 5349; x_wconf 78' lang='lat' dir='ltr'>(loon.</span> <span class='ocrx_word' id='word_1_747' title='bbox 1042 5276 1186 5337; x_wconf 83' lang='lat' dir='ltr'>salutiferi</span> <span class='ocrx_word' id='word_1_748' title='bbox 1212 5276 1300 5334; x_wconf 86' lang='lat' dir='ltr'>tontis</span> <span class='ocrx_word' id='word_1_749' title='bbox 1323 5288 1439 5333; x_wconf 89' lang='lat' dir='ltr'>necesse</span> <span class='ocrx_word' id='word_1_750' title='bbox 1463 5276 1506 5330; x_wconf 90' lang='lat' dir='ltr'>est</span> <span class='ocrx_word' id='word_1_751' title='bbox 1527 5268 1672 5328; x_wconf 87' lang='lat' dir='ltr'>abluatur.</span> <span class='ocrx_word' id='word_1_752' title='bbox 1695 5269 1786 5338; x_wconf 79' lang='lat' dir='ltr'>Quem</span> <span class='ocrx_word' id='word_1_753' title='bbox 1809 5266 1897 5338; x_wconf 91' lang='lat' dir='ltr'>proti·</span> 
     </span>
     <span class='ocr_line' id='line_1_57' title="bbox 120 5354 1899 5454; baseline -0.01 -24"><span class='ocrx_word' id='word_1_754' title='bbox 120 5376 167 5439; x_wconf 74' lang='lat' dir='ltr'>xl.</span> <span class='ocrx_word' id='word_1_755' title='bbox 187 5367 296 5429; x_wconf 89' lang='lat' dir='ltr'>Stulta</span> <span class='ocrx_word' id='word_1_756' title='bbox 310 5368 432 5443; x_wconf 85' lang='lat' dir='ltr'>quidem</span> <span class='ocrx_word' id='word_1_757' title='bbox 447 5370 550 5429; x_wconf 92' lang='lat' dir='ltr'>mundi</span> <span class='ocrx_word' id='word_1_758' title='bbox 565 5368 650 5443; x_wconf 89' lang='lat' dir='ltr'>elegit</span> <span class='ocrx_word' id='word_1_759' title='bbox 663 5369 749 5440; x_wconf 87' lang='lat' dir='ltr'>Deus,</span> <span class='ocrx_word' id='word_1_760' title='bbox 765 5374 796 5427; x_wconf 90' lang='lat' dir='ltr'>ut</span> <span class='ocrx_word' id='word_1_761' title='bbox 810 5368 1000 5427; x_wconf 85' lang='lat' dir='ltr'>contunderet</span> <span class='ocrx_word' id='word_1_762' title='bbox 1042 5383 1097 5426; x_wconf 90' lang='lat' dir='ltr'>nus</span> <span class='ocrx_word' id='word_1_763' title='bbox 1114 5364 1254 5424; x_wconf 81' lang='lat' dir='ltr'>Israelitae</span> <span class='ocrx_word' id='word_1_764' title='bbox 1270 5363 1384 5433; x_wconf 89' lang='lat' dir='ltr'>bibunt,</span> <span class='ocrx_word' id='word_1_765' title='bbox 1399 5360 1468 5436; x_wconf 87' lang='lat' dir='ltr'>quia</span> <span class='ocrx_word' id='word_1_766' title='bbox 1481 5358 1572 5416; x_wconf 89' lang='lat' dir='ltr'>sancti</span> <span class='ocrx_word' id='word_1_767' title='bbox 1587 5354 1899 5454; x_wconf 65' lang='lat' dir='ltr'>praedicatoresldvan·</span> 
     </span>
     <span class='ocr_line' id='line_1_58' title="bbox 117 5444 1897 5543; baseline -0.01 -22"><span class='ocrx_word' id='word_1_768' title='bbox 117 5461 287 5536; x_wconf 85' lang='lat' dir='ltr'>sapientes</span> <span class='ocrx_word' id='word_1_769' title='bbox 307 5462 334 5530; x_wconf 90' lang='lat' dir='ltr'>(l</span> <span class='ocrx_word' id='word_1_770' title='bbox 356 5460 415 5517; x_wconf 79' lang='lat' dir='ltr'>Cor.</span> <span class='ocrx_word' id='word_1_771' title='bbox 442 5464 483 5529; x_wconf 89' lang='lat'>1):</span> <span class='ocrx_word' id='word_1_772' title='bbox 504 5459 552 5518; x_wconf 91' lang='lat' dir='ltr'>sed</span> <span class='ocrx_word' id='word_1_773' title='bbox 575 5458 649 5518; x_wconf 90' lang='lat' dir='ltr'>etsi</span> <span class='ocrx_word' id='word_1_774' title='bbox 673 5474 746 5533; x_wconf 84' lang='lat' dir='ltr'>quos</span> <span class='ocrx_word' id='word_1_775' title='bbox 762 5457 868 5532; x_wconf 90' lang='lat' dir='ltr'>reperit</span> <span class='ocrx_word' id='word_1_776' title='bbox 888 5457 999 5532; x_wconf 90' lang='lat' dir='ltr'>sapien·</span> <span class='ocrx_word' id='word_1_777' title='bbox 1041 5456 1122 5533; x_wconf 89' lang='lat' dir='ltr'>gelli,</span> <span class='ocrx_word' id='word_1_778' title='bbox 1136 5454 1188 5531; x_wconf 85' lang='lat' dir='ltr'>qui</span> <span class='ocrx_word' id='word_1_779' title='bbox 1207 5452 1269 5514; x_wconf 91' lang='lat' dir='ltr'>veri</span> <span class='ocrx_word' id='word_1_780' title='bbox 1292 5449 1433 5511; x_wconf 82' lang='lat' dir='ltr'>israelitae</span> <span class='ocrx_word' id='word_1_781' title='bbox 1456 5455 1533 5518; x_wconf 92' lang='lat' dir='ltr'>sunt,</span> <span class='ocrx_word' id='word_1_782' title='bbox 1559 5462 1631 5520; x_wconf 80' lang='lat' dir='ltr'>nuos</span> <span class='ocrx_word' id='word_1_783' title='bbox 1655 5445 1696 5543; x_wconf 32' lang='lat' dir='ltr'>ad·</span> <span class='ocrx_word' id='word_1_784' title='bbox 1711 5444 1897 5506; x_wconf 88' lang='lat' dir='ltr'>Dommreum</span> 
     </span>
     <span class='ocr_line' id='line_1_59' title="bbox 119 5535 1896 5626; baseline -0.014 -12"><span class='ocrx_word' id='word_1_785' title='bbox 119 5563 179 5625; x_wconf 82' lang='lat' dir='ltr'>tes,</span> <span class='ocrx_word' id='word_1_786' title='bbox 206 5547 298 5626; x_wconf 87' lang='lat' dir='ltr'>prius</span> <span class='ocrx_word' id='word_1_787' title='bbox 311 5566 388 5609; x_wconf 88' lang='lat' dir='ltr'>eosa</span> <span class='ocrx_word' id='word_1_788' title='bbox 405 5566 480 5610; x_wconf 88' lang='lat' dir='ltr'>vano</span> <span class='ocrx_word' id='word_1_789' title='bbox 498 5549 631 5625; x_wconf 84' lang='lat' dir='ltr'>superbae</span> <span class='ocrx_word' id='word_1_790' title='bbox 645 5548 794 5625; x_wconf 73' lang='lat' dir='ltr'>sapientiae</span> <span class='ocrx_word' id='word_1_791' title='bbox 812 5564 874 5609; x_wconf 73' lang='lat' dir='ltr'>snae</span> <span class='ocrx_word' id='word_1_792' title='bbox 888 5553 1000 5609; x_wconf 84' lang='lat' dir='ltr'>tumore</span> <span class='ocrx_word' id='word_1_793' title='bbox 1041 5562 1156 5622; x_wconf 87' lang='lat' dir='ltr'>corpus,</span> <span class='ocrx_word' id='word_1_794' title='bbox 1176 5543 1254 5619; x_wconf 79' lang='lat' dir='ltr'>quod</span> <span class='ocrx_word' id='word_1_795' title='bbox 1272 5547 1315 5601; x_wconf 89' lang='lat' dir='ltr'>est</span> <span class='ocrx_word' id='word_1_796' title='bbox 1333 5536 1471 5609; x_wconf 80' lang='lat' dir='ltr'>Ecclesia,</span> <span class='ocrx_word' id='word_1_797' title='bbox 1491 5535 1668 5596; x_wconf 84' lang='lat' dir='ltr'>transferunt</span> <span class='ocrx_word' id='word_1_798' title='bbox 1689 5548 1721 5592; x_wconf 86' lang='lat' dir='ltr'>in</span> <span class='ocrx_word' id='word_1_799' title='bbox 1735 5547 1788 5593; x_wconf 91' lang='lat' dir='ltr'>sua</span> <span class='ocrx_word' id='word_1_800' title='bbox 1802 5546 1896 5590; x_wconf 91' lang='lat' dir='ltr'>mem-</span> 
     </span>
     <span class='ocr_line' id='line_1_60' title="bbox 119 5620 1895 5725; baseline -0.015 -21"><span class='ocrx_word' id='word_1_801' title='bbox 119 5642 263 5725; x_wconf 80' lang='lat' dir='ltr'>dejecit,</span> <span class='ocrx_word' id='word_1_802' title='bbox 276 5658 310 5701; x_wconf 88' lang='lat' dir='ltr'>ac</span> <span class='ocrx_word' id='word_1_803' title='bbox 327 5640 464 5718; x_wconf 86' lang='lat' dir='ltr'>deinceps</span> <span class='ocrx_word' id='word_1_804' title='bbox 476 5642 508 5702; x_wconf 93' lang='lat' dir='ltr'>in</span> <span class='ocrx_word' id='word_1_805' title='bbox 527 5641 727 5703; x_wconf 88' lang='lat' dir='ltr'>auctoritatem</span> <span class='ocrx_word' id='word_1_806' title='bbox 744 5640 843 5702; x_wconf 82' lang='lat' dir='ltr'>tibersa</span> <span class='ocrx_word' id='word_1_807' title='bbox 860 5638 1000 5715; x_wconf 77' lang='lat' dir='ltr'>pradiea·</span> <span class='ocrx_word' id='word_1_808' title='bbox 1040 5637 1093 5697; x_wconf 89' lang='lat' dir='ltr'>bra</span> <span class='ocrx_word' id='word_1_809' title='bbox 1111 5630 1294 5710; x_wconf 88' lang='lat' dir='ltr'>suscipiendo</span> <span class='ocrx_word' id='word_1_810' title='bbox 1314 5626 1397 5706; x_wconf 84' lang='lat' dir='ltr'>quasi</span> <span class='ocrx_word' id='word_1_811' title='bbox 1415 5625 1541 5685; x_wconf 90' lang='lat' dir='ltr'>bibendo</span> <span class='ocrx_word' id='word_1_812' title='bbox 1560 5628 1743 5685; x_wconf 83' lang='lat' dir='ltr'>eonvertunt.</span> <span class='ocrx_word' id='word_1_813' title='bbox 1763 5620 1895 5691; x_wconf 87' lang='lat' dir='ltr'>Quorum</span> 
     </span>
    </p>
   </div>
   <div class='ocr_carea' id='block_1_5' title="bbox 0 0 2054 6209">
    <p class='ocr_par' dir='ltr' id='par_1_5' title="bbox 0 0 2054 6209">
     <span class='ocr_line' id='line_1_61' title="bbox 0 0 2054 6209; baseline 0 0"><span class='ocrx_word' id='word_1_814' title='bbox 0 0 2054 6209; x_wconf 95' lang='lat' dir='ltr'> </span> 
     </span>
    </p>
   </div>
  </div>
 </body>
</html>
