4100 6209
178 266 245 355 toti
412 268 441 330 S.
465 267 577 330 PETRI
596 268 758 333 paulum
777 269 856 331 OPP.
878 271 974 335 PARS
994 271 1065 332 SEU
1084 268 1211 331 TOMUS
1229 268 1267 327 ΙΙ.
1288 299 1321 311 -
1341 265 1571 328 SANCTORUM
1589 265 1702 326 VITAE.
1868 267 1935 331 tdtt

179 394 242 454 3133
256 393 397 463 exuberat
409 393 498 453 titiis.
511 393 557 455 Ab
572 397 666 465 secoro
694 395 839 471 siquidem
852 396 1153 457 denominariAbene
1176 394 1313 468 prodigus
1332 392 1363 451 in
1383 407 1522 466 pauperes
1540 391 1731 465 dispergebat.
1751 392 1935 469 congregans

180 482 298 549 videtur
314 482 493 555 Eugubium,
509 483 657 557 relegens
672 483 758 544 bono.
773 485 897 557 Ideoque
913 501 958 544 me
976 485 1037 543 vim
1079 486 1244 545 annualiter
1257 485 1413 558 synodum,
1438 481 1557 542 nullum
1571 490 1695 541 assuetae
1708 481 1876 554 oblationis,
1891 485 1935 545 rel

180 572 331 650 ingerente
357 582 483 644 coactus,
503 572 661 635 Ecclesiam
689 589 777 649 quam
798 574 948 634 dimiserat
971 581 1037 634 vnto
1079 574 1235 633 xeniorum
1255 588 1394 631 canonem
1412 588 1429 629 a
1447 570 1560 630 clericis
1583 569 1665 643 erigi
1681 571 1874 645 permittebat,
1887 572 1937 631 sed

121 696 130 717 t
177 662 319 723 retinebat
333 662 441 733 officim
460 663 489 721 in
506 679 603 725 eremo
621 670 715 723 133333
737 665 968 737 perseverantius
982 664 1037 723 ha·
1078 680 1116 722 ne
1150 680 1167 722 a
1207 664 1295 737 lapsis
1334 662 1454 737 quidem
1495 660 1683 719 commodum
1711 660 1840 736 aliquod,
1861 658 1936 719 487

180 749 300 814 uiuunt.
1079 758 1183 826 praeter
1205 750 1296 809 solam
1318 750 1529 824 poenitentiam,
1550 748 1717 824 requirebat
1741 765 1748 804 ι
1771 748 1866 821 Absit,
1887 750 1937 809 in·

515 825 637 889 CAPUT
651 825 703 885 ῙῙῙ·
905 830 908 845 “
1079 841 1191 915 quiens,
1221 844 1254 898 ut
1280 840 1427 914 synodum
1454 838 1601 911 rendam3
1622 837 1718 911 lapsos
1736 839 1824 898 etiam
1841 840 1938 913 potios

433 917 609 977 sesmereia
632 916 782 989 mdutpas.
1079 929 1188 1003 erigam
1209 944 1298 1004 quam
1321 944 1359 989 ex
1380 944 1481 989 corum
1505 928 1694 988 cadaveribus
1716 931 1836 989 cerrino
1856 945 1939 991 more

217 1024 455 1098 033333333333
488 1024 641 1098 impetrare
674 1030 783 1100 poterat
809 1030 842 1084 ut
868 1021 1037 1097 huiusmodi
1079 1020 1277 1094 pinguescam.
1295 1019 1394 1078 Taedet
1419 1019 1542 1078 ulterius
1563 1017 1714 1077 scribendo
1732 1019 1940 1095 procedereet

177 1115 263 1192 33313
280 1113 312 1177 in
332 1125 431 1174 eremo
452 1115 545 1182 fimet,
564 1112 667 1173 edebat
690 1129 807 1189 panem,
821 1128 880 1173 non
902 1113 1036 1183 fratrum,
1078 1109 1159 1169 velut
1177 1116 1311 1183 paternas
1328 1125 1346 1167 a
1373 1111 1487 1184 pictura
1508 1123 1614 1167 manus
1635 1107 1716 1168 dolor
1737 1109 1937 1169 3133333133-

177 1219 238 1265 non
257 1203 384 1277 denique
404 1217 581 1277 puerorum;
601 1205 650 1262 sed
672 1217 739 1261 aum
757 1201 810 1277 qui
835 1204 882 1260 ref
904 1217 942 1259 ex
963 1214 1038 1275 puro
1079 1211 1146 1257 reus
1162 1196 1236 1270 (337)
1248 1195 1393 1256 cohibere.

177 1293 260 1355 33333
282 1292 400 1364 hordeo,
427 1292 474 1351 rel
498 1307 536 1352 ex
561 1291 697 1352 cantabro
721 1293 829 1367 potius,
845 1291 922 1367 quod
946 1288 1036 1365 proji-
1423 1268 1545 1373 QAPUT
1559 1266 1609 1370 ῙῩ·

179 1381 318 1443 mudum
331 1381 455 1441 canibus
466 1380 502 1441 de
519 1395 678 1456 puerorum
696 1379 823 1454 panibus
842 1378 1037 1438 remansisset.
1376 1360 1454 1415 Filii
1467 1361 1557 1417 <titini
1568 1375 1638 1430 epus.

177 1469 213 1531 lit
239 1470 305 1533 lieet
330 1477 436 1543 prater
455 1468 627 1529 celebriores
646 1468 709 1527 dies
733 1468 788 1527 boc
812 1476 887 1528 esset
909 1466 1037 1542 qnotidie
1113 1464 1168 1523 His
1183 1463 1273 1538 igitur
1291 1472 1319 1522 et
1334 1463 1504 1539 hujusmodi
1519 1463 1662 1522 virtutum
1677 1464 1798 1523 floribus
1813 1466 1938 1525 adorna·

177 1574 252 1634 pane
272 1563 436 1627 3333133333,
460 1571 632 1617 mensuram
656 1564 752 1617 tamen
779 1555 918 1616 attentius
944 1554 1037 1628 aequi-
1079 1560 1153 1624 tum,
1170 1552 1253 1628 quasi
1267 1551 1395 1611 candens
1414 1552 1513 1612 lilium
1529 1554 1694 1612 immaturae
1710 1553 1812 1613 mortis
1830 1555 1937 1628 pruina

179 1646 246 1711 om
268 1645 403 1711 13331333
431 1644 621 1720 appendebat.
651 1644 734 1703 Unde
762 1644 836 1703 milri
861 1644 1037 1719 quandoque
1078 1640 1381 1712 demersissimo
1396 1640 1580 1714 rixfriginta
1598 1639 1939 1713 plusminusrfdersmr

178 1739 357 1809 conquasses
381 1739 424 1795 cst
445 1732 516 1806 quia
538 1732 564 1792 si
587 1732 644 1792 sibi
668 1748 804 1792 mensura
823 1732 1235 1818 concederetur,Bannorum,
1256 1728 1292 1786 ad
1317 1744 1395 1787 verm
1419 1729 1493 1788 lucis
1509 1730 1664 1789 Auctorem
1690 1747 1729 1791 ex
1750 1731 1804 1790 bac
1824 1730 1939 1791 infelici

179 1823 260 1889 11333
272 1821 410 1888 eamdem
428 1837 534 1896 panem
555 1823 701 1896 prurienti
714 1823 793 1898 gulas
806 1821 916 1895 largius
934 1820 1038 1880 indul·
1079 1820 1146 1879 luce
1169 1818 1305 1892 migravit
1332 1816 1417 1888 (338).
1448 1820 1654 1876 demembratus
1691 1823 1764 1876 mun
1793 1824 1825 1876 m
1853 1821 1938 1885 breui,

178 1916 268 1985 gerat
283 1910 497 1986 Tantaquippe
509 1910 704 1984 juvenculum
719 1910 869 1970 hominem
883 1909 1040 1982 castigabat
1079 1909 1153 1969 sicut
1183 1907 1331 1982 Scriptura
1359 1905 1511 1980 loquitur,
1541 1909 1662 1980 septenis
1691 1913 1814 1980 terpora
1839 1911 1938 1967 matta

72 2050 78 2057 .
179 1999 290 2073 inedia,
305 2007 338 2065 ut
353 2000 551 2074 undecunque
567 1998 704 2059 solatium
722 1998 855 2059 alimenti
871 1999 1038 2074 perciperet,
1079 2003 1187 2058 Praesto
1207 2002 1279 2055 enim
1299 2003 1357 2055 eat
1376 2001 1430 2054 fleo
1453 2000 1548 2054 ummo
1570 1999 1939 2074 itliustsop.v1).Et1'ure

178 2101 274 2153 33333
284 2093 385 2151 renue
397 2086 563 2149 stomachus
575 2102 634 2146 nou
649 2094 772 2146 curaret.
789 2085 954 2159 Aliquando
969 2102 1039 2147 vero
1080 2094 1298 2148 consummatus
1315 2086 1345 2145 in
1358 2086 1453 2157 brevi,
1469 2087 1563 2146 multa
1579 2095 1705 2160 tempora
1718 2086 1938 2162 diciturexpla-

179 2177 268 2239 edam
283 2175 388 2239 313333
407 2174 567 2239 Dominicis
583 2175 767 2249 pulmentum
785 2175 929 2249 nesciens,
945 2176 1039 2251 pomis
1081 2176 1169 2244 risse,
1183 2177 1263 2251 quia,
1279 2176 1349 2235 dum
1364 2176 1396 2234 in
1408 2190 1444 2233 eo
1459 2190 1548 2248 perro
1562 2174 1639 2249 quod
1655 2174 1732 2234 vixit
1741 2176 1866 2250 justitiae
1881 2183 1939 2235 tra·

181 2271 296 2333 3331333
311 2271 339 2325 et
353 2280 428 2339 pana
452 2280 521 2325 cum
534 2280 611 2339 aqua
625 2265 751 2325 virebat.
772 2265 877 2325 Ferreo
895 2267 969 2327 circe
987 2282 1039 2341 ps-
1080 2266 1180 2325 mitem
1204 2264 1317 2335 tenuit,
1341 2272 1483 2339 quantum
1506 2263 1543 2323 33
1569 2279 1601 2321 33
1628 2263 1726 2323 omnia
1753 2271 1882 2337 tempora
1907 2265 1940 2327 in

179 2358 245 2413 etus
263 2351 373 2413 circulo
388 2352 496 2428 jugiter
514 2352 700 2429 cingebatur;
721 2369 807 2427 quem
829 2360 924 2413 amen
942 2354 1039 2414 circu·
1080 2355 1255 2430 obsequium
1274 2353 1436 2414 Conditoris
1451 2353 1602 2426 expendit.
1618 2352 1707 2412 Plane
1720 2352 1864 2428 quidquid
1878 2352 1942 2413 illic

181 2440 245 2502 lum
257 2441 313 2501 sub
330 2440 382 2500 ilia
394 2441 569 2515 dimersum,
583 2442 655 2501 dum
671 2457 768 2503 eoram
787 2442 926 2500 fratribus
943 2442 1038 2501 nuda·
1080 2444 1117 2504 de
1131 2451 1230 2504 sancto
1243 2443 1307 2503 uiro
1322 2441 1469 2518 Sapientia
1481 2440 1620 2513 tonditur,
1634 2440 1675 2503 ita
1697 2441 1766 2501 bnie
1776 2456 1828 2515 per
1838 2442 1941 2505 331313

181 2540 278 2605 aaut,
315 2532 486 2609 3111333333
524 2532 696 2595 occultabat.
736 2533 894 2607 Nunquam
932 2531 1041 2595 scilicet
1081 2534 1223 2609 congruit,
1250 2546 1285 2593 ac
1310 2531 1335 2591 si
1360 2532 1396 2590 de
1419 2530 1470 2590 illo
1494 2528 1655 2604 specialiter
1680 2528 1822 2589 diceretur
1837 2549 1844 2587 z
1860 2533 1941 2589 serso

180 2623 306 2700 capitato
331 2624 478 2685 confessor
505 2625 651 2694 intererat,
672 2624 705 2683 13
730 2639 789 2698 quo
813 2638 871 2683 non
900 2622 1040 2697 acciperet
1082 2630 1151 2690 mre,
1165 2623 1271 2698 inquit,
1288 2623 1452 2679 comoedo
1466 2627 1516 2690 eet,
1531 2637 1586 2677 non
1607 2621 1740 2677 3333333
1762 2636 1810 2679 333
1827 2637 1941 2681 ammes

180 2711 375 2788 mmmmm,
402 2719 433 2773 et
451 2719 521 2777 banc
538 2715 661 2777 13331333
678 2713 858 2793 3333133333,
877 2713 902 2772 31
924 2728 985 2773 333
1001 2712 1039 2773 ab
1082 2730 1216 2771 mmmm
1236 2717 1402 2785 commemo.
1420 2712 1489 2772 dom
1503 2711 1567 2767 suist
1581 2714 1672 2766 cutem
1693 2726 1788 2767 emaus
1808 2711 1939 2776 3333333,

183 2808 380 2871 secuntum,
394 2801 480 2860 seda
504 2800 619 2863 duobos
641 2801 780 2876 flagellari
797 2801 937 2862 13331333
952 2801 1039 2875 jubo-
1082 2808 1109 2860 ot
1131 2808 1197 2860 etos
1217 2803 1362 2859 senectutis
1374 2801 1434 2857 otto
1448 2800 1637 2864 immaculato,
1649 2800 1763 2872 3133333
1774 2802 1839 2856 bro.
1856 2797 1941 2859 llnrla

184 2896 275 2955 mur.
295 2889 380 2964 Saea
392 2889 593 2966 penitentiam
617 2898 736 2953 centum
752 2890 927 2966 suscipiebat
946 2906 1040 2952 anno-
1082 2897 1111 2948 et
1129 2889 1396 2966 sequiturzsusms
1416 2889 1584 2952 3113333333
1605 2889 1698 2944 333333
1717 2890 1788 2944 intur
1810 2892 1941 2960 promto,

183 2992 263 3054 aum,
285 2994 376 3054 33333
394 2978 505 3045 seilicet
519 2993 570 3053 por
589 2978 694 3054 uiginti
712 2979 774 3039 dies
788 2979 923 3043 allisione
941 2996 1041 3055 scopa«
1082 2995 1135 3044 ms,
1157 2981 1309 3037 33331333
1335 2983 1384 3035 est.
1412 2980 1520 3049 supas
1545 2980 1594 3042 est,
1620 2993 1654 3032 re
1681 2978 1793 3035 mettis
1819 2982 1941 3037 333333

183 3083 264 3139 rum.
287 3067 459 3142 cemimus
481 3066 661 3143 poeniundae
686 3067 823 3129 remedm
848 3069 1038 3144 persolvebat.
1083 3070 1249 3127 3333333333
1272 3067 1341 3137 eiras,
1356 3071 1405 3125 otri
1427 3083 1461 3125 rte
1482 3069 1556 3138 mac
1574 3067 1710 3139 mopere
1730 3070 1853 3123 animem
1867 3066 1939 3137 3133

184 3157 359 3221 mum
385 3155 526 3233 pronde,
551 3172 619 3219 cum
645 3157 704 3219 333
731 3173 790 3217 333
816 3162 923 3233 posset,
945 3175 1041 3220 unum
1050 3119 1072 3182 ⁰
1082 3161 1197 3232 Propter
1208 3160 1257 3215 laec
1264 3160 1426 3230 properauit
1439 3157 1551 3214 3333333
1562 3157 1643 3213 mum
1658 3156 1691 3212 de
1703 3158 1793 3214 333333
1805 3160 1942 3229 wmaru-

184 3247 289 3311 adom
306 3261 368 3309 333
383 3245 546 3321 negligebat
561 3244 691 3321 implere.
706 3246 789 3318 Quod
802 3247 954 3319 nimirum
974 3264 1042 3309 mm
1083 3251 1236 3324 3133313).

185 3333 309 3400 meis
335 3335 444 3401 331333
469 3335 652 3409 consumtus,
675 3344 786 3397 armata
805 3340 1044 3414 sceptrumque
1421 3317 1543 3423 (ξᾹΡΨ
1567 3317 1615 3423 V‘.
1638 3411 1670 3424 ..

188 3438 293 3497 33333,
304 3429 396 3487 totum
411 3438 481 3485 eum
493 3424 649 3499 disciplina
659 3427 830 3487 mnduuare
843 3432 1042 3487 consueverat.
1207 3413 1274 3468 Vita
1288 3410 1452 3467 ’imbuti
1465 3426 1521 3465 lm
1534 3412 1670 3467 mmmm
1683 3413 1816 3468 imii-

219 3512 311 3576 Romo
326 3519 423 3575 autem
438 3529 506 3575 oum
520 3514 551 3574 in
566 3514 751 3589 expeditione
766 3521 841 3577 esset
858 3516 956 3593 aliqua
973 3532 1044 3577 com
1121 3517 1177 3580 Sed
1190 3534 1266 3589 ecce,
1281 3519 1353 3578 dum
1369 3519 1459 3594 hujus
1477 3518 1606 3594 epistolae
1621 3517 1750 3593 gerulus,
1768 3517 1872 3592 ouiad
1890 3532 1944 3577 333
2045 3498 2046 3573 ἶ

185 3602 327 3676 stitutus,
341 3602 523 3678 omotalibet
542 3602 723 3679 intempestae
741 3606 833 3665 noctis
851 3607 1046 3682 pmiunditate
1084 3607 1183 3667 veniat
1195 3609 1338 3681 quaeritur
1356 3616 1384 3667 et
1402 3622 1460 3667 non
1476 3608 1613 3683 suppetit,
1627 3613 1744 3682 repente
1761 3605 1844 3666 aliud
1861 3605 1943 3681 quod

185 3701 382 3771 oomurgsrst
399 3695 488 3755 nudis
499 3711 613 3771 semper
626 3695 761 3757 cruribus
774 3697 937 3771 etpedibus
950 3711 1045 3771 usque
1084 3696 1204 3757 uberius
1222 3697 1258 3756 ad
1275 3697 1499 3757 edificationem
1514 3698 1652 3773 proficere
1668 3696 1771 3765 valeat,
1786 3697 1812 3754 si
1831 3695 1944 3755 scriba-

186 3784 259 3848 3333
281 3783 479 3857 dilucesceret,
496 3784 618 3859 psallero
642 3801 701 3844 non
722 3785 860 3845 cessabat.
881 3786 974 3856 Quam
998 3787 1044 3844 ri·
1086 3791 1144 3857 tur,
1164 3786 1300 3847 occurrit.
1314 3787 1350 3845 lit
1369 3787 1499 3846 fortassis
1519 3785 1556 3845 ob
1578 3786 1632 3846 boc
1651 3785 1774 3846 nuntius
1797 3784 1874 3845 mibi
1895 3801 1947 3845 su·

188 3872 293 3934 datiam
325 3874 582 3947 consuetudinem,
610 3874 739 3934 dumio
771 3873 844 3933 cella
866 3875 1042 3946 consisteret,
1085 3892 1174 3952 perna
1195 3876 1384 3952 dispositione
1409 3876 1601 3947 subtrahitur,
1620 3882 1653 3936 ut
1676 3875 1805 3948 interim,
1826 3880 1948 3935 recente

185 3961 291 4029 diebus
307 3977 342 4022 ac
360 3961 495 4023 33311333
513 3963 578 4023 3133
594 3961 752 4022 cessatione
774 3962 915 4022 servabat.
935 3961 1045 4034 Quam·
1086 3979 1143 4037 me,
1157 3964 1252 4039 stylus
1264 3954 1301 4024 ad
1319 3963 1400 4024 aliud
1416 3965 1616 4023 transferatur.
1635 3962 1687 4022 Vir
1699 3962 1797 4038 itaque
1815 3963 1868 4024 llei
1886 3964 1947 4025 Do-

188 4050 259 4113 utet
291 4051 390 4130 graus
421 4051 527 4112 bruma
561 4053 723 4128 rigesceret,
750 4053 931 4129 simplicibus
955 4055 1046 4114 soccis
1086 4052 1211 4113 minicus
1227 4060 1315 4128 pater,
1330 4061 1358 4113 et
1372 4053 1512 4114 dominus
1531 4068 1614 4112 meus
1632 4060 1698 4111 ante
1711 4068 1824 4113 annum
1837 4053 1948 4114 defun-

186 4140 339 4211 naniebat
355 4141 452 4216 pedes,
469 4156 536 4201 cum
556 4147 653 4201 amen
672 4143 760 4203 frater
778 4146 842 4214 ejus
856 4143 926 4203 selis
942 4143 1046 4202 calceis
1086 4148 1149 4201 etus
1161 4148 1213 4212 est,
1229 4142 1314 4216 cujus
1338 4144 1398 4202 vita
1421 4141 1445 4201 si
1462 4141 1613 4212 scribatur,
1629 4157 1732 4201 vereor
1753 4158 1790 4201 ne
1816 4144 1951 4204 fortassis

188 4236 344 4293 3333133333
370 4237 455 4289 esset.
477 4229 562 4305 Seps
584 4247 630 4290 me
657 4247 708 4304 per
732 4231 915 4291 clementiam
939 4233 1045 4292 dbristi
1086 4229 1302 4306 aquibusdam
1331 4231 1470 4290 fratribus
1496 4229 1679 4289 incredibilis
1700 4230 1859 4305 judicetur.
1888 4232 1948 4293 Sed

74 4393 79 4402 .
188 4317 358 4379 maiouim
369 4317 530 4393 adjurabat,
545 4327 579 4379 ut
592 4319 617 4378 31
638 4319 755 4394 quando
774 4321 902 4379 fortassis
921 4322 1044 4380 excede·
1087 4319 1197 4378 absita
1216 4335 1262 4377 me
1282 4320 1466 4379 mendacium
1481 4319 1617 4379 scribere.
1634 4318 1774 4394 Numqui
1792 4323 1947 4382 ueritatem

188 4410 242 4478 331,
261 4420 445 4482 ammonam
471 4422 519 4466 me
547 4407 585 4467 ab
610 4412 674 4481 elus
700 4408 879 4483 correptione
900 4410 1045 4470 subduco·
1086 4410 1262 4486 proviribus
1279 4412 1418 4471 remciter
1434 4394 1506 4481 colo,
1521 4416 1717 4471 commentum
1738 4411 1863 4471 fallaciae
1885 4428 1949 4472 333

187 4508 261 4569 rem,
276 4495 327 4557 333
340 4512 457 4558 onmem
476 4497 506 4556 in
527 4513 563 4558 eo
583 4498 744 4573 disciplinae
764 4500 893 4573 modum,
909 4502 960 4576 qui
980 4476 1217 4564 333-93333133.
1243 4500 1345 4575 Neque
1364 4499 1442 4558 enim
1466 4498 1540 4557 illud
1567 4514 1620 4558 nos
1645 4498 1713 4558 latet
1731 4501 1874 4574 Apostoli,
1893 4502 1951 4575 qui

186 4585 290 4647 333133
309 4585 476 4658 debebatur,
503 4588 664 4663 implerem.
693 4588 736 4649 lta
757 4589 842 4665 plane
863 4596 891 4650 ct
914 4593 1044 4666 regulam
1085 4602 1154 4647 eum
1175 4588 1361 4663 pramisisset
1379 4607 1386 4646 ε
1406 4591 1439 4646 st
1455 4590 1579 4646 doristus
1598 4605 1652 4645 nora
1669 4593 1831 4655 resurrexit,
1850 4592 1949 4648 133333

188 4675 325 4735 monaehi
345 4677 588 4737 etauctoritatem
606 4678 731 4752 episcopi
753 4680 807 4739 sub
825 4680 935 4740 alterna
956 4682 1044 4741 vicis·
1087 4682 1126 4734 rai
1153 4694 1215 4746 ereo
1236 4677 1400 4749 medicatio
1423 4684 1532 4745 nomm
1548 4683 1652 4750 praesto
1672 4676 1827 4751 subjunxit
1840 4698 1848 4736 ι
1863 4682 1950 4736 hm

187 4763 317 4829 umiae
330 4764 515 4826 laudabiliter
526 4766 705 4827 observabat.
721 4769 886 4844 Opportune
899 4771 1044 4844 siquidem
1086 4769 1179 4824 rimus
1197 4774 1286 4824 cutem
1314 4762 1388 4823 488
1414 4771 1440 4822 et
1452 4768 1522 4836 soter·
1537 4771 1617 4823 testes
1635 4770 1694 4831 1131,
1708 4770 1839 4839 sumtum
1865 4772 1949 4825 3333·-

189 4857 223 4914 et
258 4855 453 4929 inopportune
487 4854 576 4915 verbo
612 4856 827 4929 predicationis
854 4858 988 4927 instabat,
1017 4868 1047 4918 et
1086 4859 1206 4913 monium
1242 4856 1365 4911 dicimus
1405 4857 1535 4913 cdomsus
1571 4860 1666 4922 Deum
1693 4860 1742 4929 orsi
1767 4860 1949 4914 3331333333
2042 4880 2043 4927 p

190 4940 336 5018 &qnid
358 4942 524 5003 domwitis
543 4944 692 5019 subripere
714 4947 829 5006 valebat
850 4948 997 5022 expensio,
1018 4955 1046 5007 et
1087 4944 1329 5013 emolumentur
1351 4946 1576 5009 commiscuit,
1596 4947 1622 5000 si
1642 4948 1746 5001 3333333·
1770 4961 1824 5001 non
1847 4962 1948 5002 m

219 5152 288 5222 (331)
319 5152 413 5210 larus
443 5153 542 5213 bedan
576 5154 657 5215 31133,
687 5157 809 5222 paternis
847 5157 955 5210 monitls
989 5170 1044 5210 non
1086 5155 1209 5219 catalogo
1240 5153 1363 5213 ferrarii,
1392 5154 1436 5218 qul
1466 5151 1538 5206 cultu
1564 5150 1672 5217 publice
1696 5166 1759 5207 eum
1783 5155 1856 5219 apud
1888 5156 1947 5207 Eu·

187 5226 390 5292 3333333333,
412 5226 513 5281 nabere
538 5227 628 5294 perlit,
648 5239 681 5280 ex
704 5226 934 5282 erratorum
958 5227 1045 5281 Meto·
1086 5225 1203 5292 gnblnos
1226 5225 1353 5278 honorari
1380 5225 1408 5275 tn
1434 5224 1507 5277 notls
1527 5223 1560 5276 33
1581 5226 1672 5290 ipsum
1690 5225 1842 5289 catalogum
1871 5225 1950 5277 ludt-

189 5296 305 5365 333333,
321 5297 499 5352 113311133133.
830 5340 832 5347 .
1086 5298 1174 5357 carim
1205 5297 1276 5361 ouod
1306 5300 1385 5349 etism
1411 5294 1556 5348 Jacobillus
1582 5297 1687 5360 repetit,
1715 5296 1820 5349 333333
1842 5308 1948 5362 eorpus

218 5368 420 5435 (3333311333
450 5368 590 5435 1133313133
622 5372 826 5427 redemtionem
858 5373 892 5425 33
926 5374 1044 5438 333331-
1086 5371 1148 5434 epus
1171 5372 1198 5421 tn
1225 5369 1310 5421 reteri
1335 5368 1475 5431 Eugnbfua
1501 5367 1622 5421 scelests
1645 5368 1796 5430 baustum,
1823 5368 1945 5421 133313

190 5437 235 5491 313
261 5439 385 5501 exhiberi
412 5442 630 5505 animadvertunt
662 5442 889 5498 3311333131333
915 5445 986 5498 diem
1014 5446 1046 5497 ed
1088 5442 1199 5492 atteram
1220 5441 1379 5493 translatum
1399 5440 1493 5501 fnisse,
1517 5438 1710 5505 3333333333
1729 5436 1781 5492 333
1806 5450 1856 5492 333
1880 5442 1948 5506 etas

190 5508 274 5564 13311.
301 5504 398 5568 ierom
428 5516 488 5581 3133
516 5515 648 5579 memoris
681 5520 768 5570 exstat
797 5518 826 5571 fn
852 5517 1047 5584 martyrologio
1088 5514 1191 5573 aemtnt
1206 5524 1293 5566 saera.
1503 5506 1520 5537 ’

192 5580 367 5659 8333313333
394 5584 521 5663 beandi.
550 5576 578 5645 in
611 5588 766 5654 menologio
794 5588 936 5655 1133311131,
962 5591 990 5643 et
1018 5592 1047 5645 fn
