4100 6209
1400 100 1415 135 Ι

127 282 178 344 soi
390 280 419 338 s.
441 273 554 336 ruini
573 272 734 332 piniani
753 271 831 333 our.
854 272 951 334 rias
971 272 1043 335 sun
1063 274 1189 338 nouos
1208 278 1231 337 i.
1252 270 1286 321 -‘
1305 258 1423 341 nrisr.
1447 280 1516 339 iiii.
1538 280 1617 341 viii.
1825 286 1880 344 sin

128 412 207 478 runt,
223 405 426 480 iuterpretatur
445 404 509 470 roos
530 402 724 469 amantionis,
740 399 788 458 sed
805 400 905 474 utique
922 400 1077 460 car-Auia
1095 405 1182 476 possit
1200 406 1298 478 procul
1313 405 1402 464 dubio
1422 406 1507 474 lteus,
1528 416 1621 480 posset
1642 408 1741 483 utique
1757 410 1795 467 ab
1812 426 1880 483 agro

127 500 222 570 nalls,
259 496 307 557 cui
335 494 474 553 nimirum
499 490 707 551 delectabiliter
728 491 838 563 dediti,
872 494 984 551 funesta
1025 489 1249 550 mediolanensis
1274 492 1410 551 Ecclesiae
1444 494 1577 552 omnium
1613 495 1759 555 haereseon
1791 507 1882 570 prestes

127 584 389 649 merueruntcaede
400 579 540 656 prosterni
554 603 559 634 :
575 594 634 638 nou
657 587 821 653 quaerentes
842 580 904 639 illic
918 596 983 656 ger·
1023 577 1125 650 procul
1143 578 1275 654 abjicere,
1296 588 1323 638 et
1348 580 1440 640 illaesa
1469 583 1617 641 vernantis
1643 584 1710 642 fidei
1734 585 1881 645 frumenta

126 678 248 745 minare,
262 673 314 735 uhi
326 686 422 747 neque
433 670 555 740 nubent,
569 684 665 743 neque
678 684 785 728 uxores
798 669 915 740 ducant,
930 684 984 728 nec
1023 670 1138 726 screare
1153 692 1160 726 ε
1179 668 1228 727 sed
1248 669 1311 728 vult
1325 667 1456 728 ildelium
1473 685 1593 728 suorum
1611 672 1731 745 probare
1744 680 1881 732 musian-

124 763 265 839 incipieut
280 762 353 820 inuri
367 777 375 817 ι
391 758 440 816 sed
460 756 522 817 illic
540 757 644 831 potius,
661 758 713 817 ubi
729 759 871 834 quidquid
886 759 982 834 gigni-
1023 756 1104 828 tiam,
1117 772 1206 830 quain
1218 757 1360 817 violenter
1373 759 1506 819 videlicet
1517 774 1598 820 arma
1610 761 1778 835 corripiant,
1790 778 1878 836 quani

81 920 85 923 ,
125 860 182 923 tur,
199 854 230 913 iu
250 855 372 910 niorteni
391 862 508 907 neceme
528 852 571 907 est
588 845 756 906 resolvatur.
772 846 830 907 Vos
844 848 935 921 igitur
951 849 981 908 iu
1022 845 1140 903 robuste
1155 860 1259 905 manus
1273 847 1582 920 manibusconserant,
1596 849 1823 925 quamdamque
1836 849 1880 909 in·

124 938 221 1003 unum
241 935 345 997 intima
363 933 458 992 divini
476 931 566 1007 gladii
583 932 661 993 caede
679 933 825 1012 corruitis,
842 934 894 1010 qui
907 937 982 995 sacri
1022 932 1163 1008 fatigabili
1181 940 1280 993 contra
1298 935 1459 1006 diabolum,
1475 937 1597 1011 eiusque
1610 937 1747 997 satellites
1762 939 1877 998 animo·

48 1078 50 1087 ,
122 1027 272 1088 ministres
287 1022 385 1085 aliens
399 1022 501 1083 incesti
517 1022 648 1095 conjugii
661 1022 837 1083 consciscere
852 1025 979 1099 copulas,
1021 1021 1684 1098 situtecoulligaut.Poteranteuimetistorum
1695 1028 1877 1101 magistrum,

120 1124 149 1176 et
165 1114 280 1191 spurios
295 1113 413 1188 gignere
431 1111 506 1169 lilios
524 1110 657 1171 eduis.
675 1111 823 1172 Postremo
841 1114 893 1186 qui
913 1129 979 1172 saii-
1021 1111 1155 1171 videlicet
1173 1111 1322 1172 Simonem
1340 1113 1409 1172 olim
1431 1114 1494 1172 suis
1511 1114 1647 1188 apostolis
1664 1114 1875 1190 adversantem,

120 1204 265 1269 ctuarium
288 1203 340 1262 liet
361 1216 419 1261 nori
440 1202 583 1275 spirituali
601 1202 806 1273 moderamine,
830 1211 859 1263 et
882 1205 978 1277 provi·
1020 1216 1057 1259 ne
1076 1201 1107 1258 in
1128 1201 1507 1261 aeialevnreturohsistere
1526 1224 1532 1260 :
1553 1203 1654 1262 esdad
1674 1203 1728 1263 hoc
1747 1205 1878 1279 permisit

120 1294 203 1355 sione
220 1290 393 1366 gerendum,
412 1290 462 1348 sed
483 1291 565 1349 velut
582 1290 766 1350 haereditario
791 1292 857 1365 jure
884 1293 977 1366 possi·
1019 1291 1130 1362 extolli,
1146 1299 1179 1350 ut
1191 1291 1227 1350 ad
1243 1292 1290 1351 sui
1305 1294 1442 1368 majorem
1462 1293 1584 1367 gloriam
1603 1301 1631 1353 et
1649 1293 1730 1352 illius
1748 1294 1875 1367 ignomi-

120 1382 250 1445 dendum
274 1380 415 1450 asseritis,
443 1379 581 1439 omnihus
612 1380 659 1439 his
693 1381 979 1455 interpretationibus
1018 1382 1097 1442 niam
1118 1383 1301 1457 compelleret
1319 1384 1352 1442 iii
1370 1384 1429 1442 ima
1447 1384 1575 1459 demergi
1591 1387 1714 1454 (iunctis
1728 1389 1761 1442 lt.
1779 1386 1876 1457 Petrai.

120 1470 979 1547 numinum,quaesuccinctesuperiussuuteipositae,pen
1018 1470 1223 1544 Quamobrem,
1253 1471 1444 1542 dilectissimi,
1468 1472 1638 1531 dimicantes
1661 1472 1800 1530 adversus
1825 1487 1876 1543 ge·

119 1562 219 1637 spicue
244 1558 408 1633 subjacetis.
432 1557 488 1616 Sed
512 1553 583 1617 cuiu'
597 1559 781 1618 revincendis
799 1560 977 1622 thematibus
1017 1560 1129 1618 minam
1148 1559 1299 1619 diabolicae
1316 1560 1441 1635 legionis
1463 1561 1564 1630 aciem,
1582 1561 1671 1619 nolite
1683 1575 1803 1631 cessare,
1820 1575 1875 1618 uo·

120 1652 189 1722 illis,
216 1649 325 1723 quihus
344 1646 470 1706 breviter
487 1645 677 1722 celeriterque
694 1650 905 1722 respondimus,
922 1650 975 1710 ad·
1016 1648 1067 1709 lite
1085 1649 1220 1724 degeneri
1243 1648 1479 1725 pusillanimitate
1501 1649 1624 1708 deficere
1640 1669 1646 1708 :
1665 1649 1715 1709 sed
1736 1655 1874 1723 nuquam

119 1742 178 1803 huc
190 1745 360 1813 argumenta
375 1735 553 1810 perplurima
565 1743 734 1809 suppetant3
747 1751 867 1797 manuni
881 1746 973 1797 tamen
986 1754 1086 1822 gvere
1100 1738 1153 1797 lilii
1168 1738 1331 1814 Beniamin,
1352 1737 1402 1814 qui
1420 1738 1548 1797 dexterae
1565 1738 1645 1797 iilius
1662 1734 1778 1807 dicitur,
1794 1742 1875 1795 utra·

114 1829 174 1904 jam
193 1825 374 1887 ascribendi
396 1824 526 1885 libertato
548 1825 769 1897 compescimus,
798 1834 831 1886 ut
854 1828 974 1888 uberius
1017 1843 1075 1903 que
1094 1842 1184 1886 manu
1204 1827 1288 1885 solito
1308 1827 1420 1886 lervoie
1433 1825 1589 1898 confligite,
1604 1830 1633 1884 et
1646 1824 1773 1898 bicipitis
1788 1839 1874 1883 mon·

118 1916 245 1977 dictandi
265 1917 351 1986 vires,
376 1914 399 1973 si
424 1920 521 1973 timui
544 1914 641 1973 adhuc
661 1929 778 1975 necesse
801 1915 899 1990 tuerit,
924 1932 975 1990 per
1017 1917 1070 1977 stri
1102 1922 1189 1991 caput
1223 1915 1316 1975 divini
1353 1915 1432 1974 verbi
1464 1915 1570 1990 gladiis
1596 1916 1773 1974 obtruncate.
1800 1913 1874 1973 lioee

117 2006 287 2080 respirantis
300 2005 420 2079 spiritus
434 2003 527 2063 otium
547 2019 724 2078 reparemus.
745 2005 856 2065 Parcite
873 2022 974 2081 proca·
1017 2005 1159 2064 nimirum
1171 2005 1266 2077 iesus,
1278 2020 1317 2063 eii
1328 2005 1412 2079 cujus
1423 2019 1472 2063 ore
1482 2003 1597 2079 gladius
1608 2020 1644 2062 eii
1656 2010 1778 2078 utraque
1792 2002 1874 2062 lima·

117 2095 201 2157 cibus
224 2093 318 2164 labiis,
340 2092 531 2162 dilectissimi,
555 2098 583 2151 et
605 2092 630 2152 si
653 2108 743 2168 quani
766 2094 919 2169 asperioris
942 2096 974 2155 iii
1017 2103 1075 2167 tus,
1091 2100 1119 2153 et
1137 2103 1239 2155 acutus
1254 2103 1335 2169 parte
1352 2095 1501 2168 procedit:
1518 2103 1545 2154 et
1563 2095 1649 2155 obvia
1667 2109 1793 2171 queque
1812 2110 1872 2154 iue-

117 2200 168 2245 vos
187 2180 269 2243 veihi
288 2182 468 2255 salsuginem
486 2183 627 2242 scaturire
645 2183 821 2257 conspicitis,
837 2200 896 2244 nou
916 2200 972 2260 me,
1017 2190 1090 2255 tene,
1104 2192 1253 2243 cruentam
1269 2184 1397 2242 hostium
1410 2184 1572 2243 barbariem
1586 2186 1688 2244 sternit
1700 2186 1800 2255 (ludia.
1818 2188 1871 2255 iti).

116 2274 166 2337 sed
195 2288 246 2338 vus
275 2272 372 2347 petius
400 2271 571 2346 redarguite,
597 2272 649 2345 qui
677 2274 803 2333 scribere
831 2277 973 2352 compuli·
1016 2272 1139 2343 Quodsi
1157 2274 1285 2332 iormssis
1303 2289 1340 2332 eii
1358 2274 1478 2333 adverso
1496 2273 1688 2348 multiplicata
1707 2274 1872 2348 malignan-

116 2364 177 2425 stis.
1016 2362 1091 2421 tium
1103 2362 1191 2421 verba
1206 2362 1342 2422 videntur
1355 2364 1502 2438 ingruere,
1517 2362 1591 2423 illud
1604 2362 1693 2422 Elisei
1706 2363 1829 2423 verbum
1841 2363 1872 2422 ti-

326 2488 340 2505 ·
409 2438 683 2519 EPISTOLAXIV·
1015 2452 1166 2512 ducialiter
1183 2451 1357 2511 inclamate:
1374 2472 1388 2506 o
1405 2451 1506 2512 Plures
1524 2451 1675 2512 uobiscum
1694 2459 1763 2512 sunt
1781 2468 1872 2528 uuam

117 2551 156 2599 in
179 2547 372 2608 nonuueuuu,
390 2546 531 2604 viriiaii,
554 2546 719 2608 iniiinuii,
741 2548 972 2612 immeramur,
1014 2541 1391 2615 similitudimem).
1413 2561 1427 2595 v
1448 2541 1522 2611 Quid
1545 2541 1629 2616 plura
1649 2542 1770 2601 dicauit
1794 2543 1872 2603 lttud

469 2635 623 2691 ALIOSQUE·
1014 2633 1203 2709 apostolicum
1224 2633 1341 2691 insero:
1361 2632 1470 2692 «Licet
1491 2633 1613 2707 angelus
1633 2633 1669 2691 de
1689 2633 1763 2692 coelo
1780 2650 1872 2693 evan-

116 2738 337 2797 lliiattiisrtauii.
358 2764 380 2775 -
402 2731 569 2793 Gratulatur
592 2733 721 2805 primum
745 2736 781 2793 de
805 2750 916 2795 eorum.
936 2737 972 2795 ad
1013 2726 1116 2800 geliiet
1139 2724 1222 2784 vobis
1241 2730 1347 2799 praeter
1363 2739 1452 2799 quam
1474 2724 1553 2798 quod
1574 2724 1781 2798 evangelizavi,
1800 2740 1874 2783 ana·

151 2822 225 2882 quus
241 2805 350 2875 scribit,
370 2803 427 2863 ilde
447 2813 474 2862 et
493 2802 672 2863 ini-titudine.
691 2804 972 2867 Deindedeliledio·
1015 2816 1111 2873 thema
1136 2814 1174 2872 sit
1199 2816 1300 2884 idolol.
1330 2820 1361 2877 ti.
1390 2834 1404 2867 ι
1431 2813 1505 2871 Nam
1531 2828 1606 2885 ecce,
1630 2813 1681 2888 qui
1702 2815 1762 2887 jani
1791 2813 1875 2888 prius

150 2876 278 2939 lanensis
297 2874 433 2936 Ecclesia
452 2874 602 2935 discordiis
619 2881 647 2932 et
661 2877 803 2936 scandalis
817 2892 869 2935 con
957 2909 971 2923 ·
1042 2906 1048 2916 ·
1116 2905 1122 2916 ·

152 2958 207 3009 tur.
230 2946 377 3008 Postremo
399 2945 591 3005 constantiam
615 2946 647 3004 in
671 2949 777 3007 tuenda
848 2949 856 3007 i
918 2998 923 3019 ,
1137 2993 1181 3004 ..
1429 2992 1458 3003 ..
1503 2991 1509 3003 .
1813 2993 1819 3004 .

149 3020 295 3080 coelespem
319 3017 486 3077 felic-,mmm
504 3032 564 3077 n0n
581 3017 667 3076 modo
685 3021 805 3092 precari,
826 3019 875 3079 sed
895 3036 971 3096 βω,
1014 3002 1062 3053 tur
1075 3000 1194 3063 astricti,
1209 3008 1289 3052 nunc
1305 2991 1341 3050 ad
1357 2993 1526 3066 perditionis
1541 3007 1603 3051 suae
1616 2990 1768 3052 cumulum
1783 3001 1873 3052 etiam

148 3093 245 3174 dicere
261 3090 386 3150 videtur.
405 3089 478 3148 Naiu
490 3097 549 3163 pro
566 3088 672 3147 Christi
691 3091 749 3149 tide
765 3107 832 3173 cuni
853 3099 970 3175 strenue
981 3091 1075 3179 Gpost
1100 3082 1204 3142 violata
1228 3081 1421 3157 jurisjurandi
1451 3090 1518 3140 sunt
1541 3088 1720 3140 mommenta
1741 3081 1849 3156 periuri
1861 3100 1872 3156 3

149 3165 281 3239 plerique
305 3176 407 3244 sortitu
434 3168 627 3235 puttssisssseflt,
657 3169 796 3236 fflsslllsw
823 3173 967 3241 witmau.
1012 3172 1094 3232 utin
1114 3173 1156 3231 eis
1177 3173 1242 3230 luce
1260 3170 1366 3231 clarius
1386 3170 1540 3245 impleatur
1553 3172 1632 3244 cuod
1648 3172 1678 3229 iu
1696 3171 1872 3247 Apocalypsi

149 3241 258 3294 aeteffia
273 3232 326 3293 Dei
338 3232 450 3292 Vss¹⁰¹¹⁰
465 3232 614 3292 fruuntur·
1009 3276 1061 3337 per
1078 3261 1221 3321 ioannem
1242 3261 1349 3320 dicitur
1365 3285 1372 3319 ε
1394 3287 1406 3310 ι
1422 3260 1477 3330 Qui
1496 3266 1588 3330 nocet,
1605 3266 1704 3319 noceat
1720 3260 1872 3329 adhaesi

148 3350 261 3411 Sanctis
283 3347 421 3408 tratribus
443 3348 615 3420 Raouirno,
635 3349 752 3421 virini,
774 3355 802 3409 et
824 3352 967 3424 Aniiino,
1009 3350 1062 3425 qui
1082 3349 1114 3409 in
1136 3349 1270 3409 sordibus
1287 3355 1340 3419 est,
1360 3348 1506 3409 sordescat
1521 3349 1617 3409 adhuc
1631 3350 1729 3422 (Apoc.
1747 3352 1833 3418 aiu).
1850 3368 1868 3401 ι

107 3446 196 3520 atque
210 3437 418 3507 Snnnuuiino,
432 3444 461 3495 et
478 3436 589 3496 caeteris
609 3452 660 3511 pro
678 3439 778 3497 castris
797 3438 902 3498 Christi
922 3440 967 3499 iii·
1008 3437 1044 3497 In
1058 3438 1142 3497 vohis
1153 3437 1412 3510 auteinediveiso,
1426 3438 1504 3515 quod
1516 3438 1647 3513 sequitur
1658 3456 1665 3497 :
1676 3458 1691 3491 o
1702 3436 1757 3506 Qui
1767 3436 1871 3510 justus

110 3532 185 3590 victa
211 3530 266 3588 lide
291 3527 477 3598 certantibus,
507 3525 624 3587 Pisanus
650 3534 780 3601 peccatur
808 3529 969 3590 monachus
1008 3534 1060 3597 est,
1076 3527 1249 3602 iustihcatur
1264 3526 1369 3599 adbuc,
1389 3532 1417 3586 et
1438 3528 1490 3602 qui
1509 3532 1625 3586 sanctus
1639 3531 1691 3598 est,
1707 3523 1871 3584 sancides·

109 3621 233 3681 saluteiu
246 3619 278 3677 iii
291 3616 414 3677 Christo.
1009 3625 1056 3678 tur
1075 3617 1171 3677 adhuc
1192 3619 1294 3691 (liridi.
1309 3641 1328 3667 *a
1349 3617 1503 3678 Familiare
1523 3618 1633 3678 scilieet
1650 3624 1679 3677 et
1704 3616 1871 3693 geniumne

144 3708 341 3783 omnipotenti
355 3707 414 3766 lieu
428 3707 535 3781 gratias
548 3708 673 3783 agimus,
689 3707 878 3779 dilectissimi,
896 3710 967 3785 quia
1008 3706 1218 3766 Mediolanensi
1237 3707 1294 3767 luit
1315 3722 1430 3782 semper
1449 3705 1595 3777 Ecclesiae,
1611 3715 1644 3765 ut
1661 3707 1693 3766 in
1710 3722 1744 3765 ea
1757 3705 1871 3765 diversi

108 3814 169 3871 vos,
196 3798 273 3858 iaina
296 3795 487 3866 discurrente,
511 3795 677 3870 frequenter
701 3797 840 3855 audimus
866 3798 896 3855 in
921 3813 965 3870 eo,
1006 3795 1150 3871 dogmatis
1173 3795 1307 3856 homines
1329 3802 1357 3856 et
1382 3797 1559 3869 luventius,
1580 3794 1719 3856 simulet
1742 3794 1870 3854 Ambro-

107 3904 194 3965 queui
212 3888 249 3947 de
267 3886 395 3962 Spiritus
413 3887 505 3945 sancti
526 3884 594 3941 171
615 3884 706 3960 gratia
724 3884 903 3958 concepistis,
919 3886 967 3960 pio
1007 3886 1068 3945 sius
1097 3902 1156 3945 non
1184 3886 1317 3946 deessent
1344 3906 1350 3945 ι
1380 3885 1431 3945 ille
1459 3886 1569 3945 scilieet
1599 3891 1734 3959 tunquam
1769 3882 1871 3942 rabida

107 3978 220 4037 lurore
239 3978 401 4050 persistere,
423 3982 451 4034 et
478 3973 617 4034 adversus
644 3974 741 4032 hostes
767 3973 966 4034 ecclesiasticae
1006 3976 1139 4035 canicula
1165 3974 1301 4035 fidelihus
1325 3974 1496 4046 oblatraret3
1523 3975 1577 4034 iste
1603 3972 1716 4033 Veteris
1738 3979 1766 4031 et
1792 3971 1871 4031 Novi

105 4066 270 4141 disciplinae
286 4066 479 4125 indeficientis
496 4065 589 4124 animi
607 4064 719 4122 viribus
736 4062 882 4123 dimicare.
900 4066 964 4125 Nou
1006 4064 1184 4123 Testamenti
1211 4064 1384 4124 testimoniis
1412 4078 1479 4122 euin
1503 4069 1623 4123 cornuta
1652 4060 1872 4138 quodammodo

105 4156 184 4214 euim
197 4159 289 4213 cessat
304 4154 437 4227 trapezita
450 4153 650 4229 nequissimus
664 4151 811 4211 officinam
824 4168 885 4211 sum
899 4169 963 4226 per·
1005 4156 1087 4213 turca
1127 4153 1277 4227 repelleret
1312 4177 1318 4211 :
1360 4152 1409 4211 ille
1447 4151 1573 4228 viperini
1612 4151 1689 4211 iellis
1728 4153 1870 4227 propina·

106 4242 251 4303 versitatis
269 4240 771 4315 intraEcclesiaeseptacunstrueie‚
787 4242 964 4302 noudesinit
1004 4252 1048 4304 ret
1089 4261 1235 4316 errorem;
1272 4244 1327 4303 iste
1356 4244 1475 4319 superni
1515 4243 1603 4302 tontis
1638 4242 1778 4317 irriguam
1817 4240 1870 4300 in·

105 4340 237 4393 tartareas
260 4339 384 4390 mouetae
410 4345 547 4391 nummos
577 4329 690 4389 malleis
715 4330 891 4390 cudentibus
919 4335 962 4391 la·
1004 4336 1107 4395 llueret
1134 4330 1206 4390 172
1232 4333 1388 4408 puritatem
1416 4358 1422 4392 :
1454 4332 1504 4392 ills
1529 4348 1666 4408 sequaces
1689 4346 1759 4391 suos
1783 4330 1870 4391 viru·

103 4424 223 4482 bricare.
241 4421 448 4482 Nicolaitarum
463 4437 579 4497 quoque
597 4421 715 4479 heresis
729 4436 796 4497 quaa
810 4422 893 4481 uobis
910 4421 1083 4536 vo-Dleuto
1104 4423 1174 4481 lacte
1195 4422 1329 4494 nutritos,
1350 4429 1377 4480 et
1398 4436 1449 4495 per
1467 4421 1604 4481 astutiam
1622 4421 1732 4481 iraudis
1754 4419 1871 4482 illectos

103 4511 216 4572 hiscum
231 4510 320 4572 nmul
335 4510 580 4572 collaborantibus
594 4510 866 4583 videbaturevulsa,
883 4513 961 4572 redi·
1004 4514 1035 4573 iu
1055 4520 1193 4572 tartarum
1215 4520 1374 4586 mergeret;
1397 4513 1450 4572 iste
1470 4528 1520 4588 per
1537 4511 1702 4587 apostolicae
1724 4509 1903 4571 doemone·

102 4601 179 4661 vivis
195 4601 290 4660 adhuc
309 4600 491 4674 germinibus
509 4599 644 4674 pullulat,
664 4609 692 4658 et
710 4608 834 4673 segetem
854 4600 960 4660 Christi
1004 4603 1189 4663 dulcedinem
1211 4603 1248 4662 ud
1268 4603 1392 4662 coelestis
1411 4603 1512 4677 glorias
1534 4602 1655 4678 praemia
1678 4599 1866 4662 sublevaret:

102 4699 218 4771 maturo
238 4693 300 4767 jani
322 4692 423 4750 decore
450 4692 604 4750 flaventem
628 4691 805 4750 zizaniorum
834 4691 961 4751 lernliter
1004 4694 1055 4753 illo
1085 4692 1140 4752 sibi
1164 4692 1348 4752 credentibus
1373 4695 1505 4753 tenebras
1530 4691 1667 4752 caecitatis
1694 4691 1866 4760 induceret:

101 4782 313 4856 emergentium
335 4780 555 4840 adumbratione
579 4781 710 4839 suffocat.
738 4779 820 4840 Unde
839 4781 962 4855 procidi·
1003 4787 1058 4845 iste
1081 4783 1307 4843 sacerdotalibus
1326 4783 1493 4843 obedientes
1510 4782 1650 4858 imperiis,
1670 4782 1706 4840 ad
1726 4778 1868 4855 splendo-

102 4887 168 4933 iuus
186 4860 311 4930 nomiio
334 4868 458 4946 querula
481 4868 687 4929 lamentatione
707 4869 834 4929 diceutes
850 4892 857 4928 ι
873 4890 887 4924 n
902 4869 961 4928 Do·
1004 4886 1064 4931 reio
1088 4887 1165 4931 verae
1186 4870 1253 4931 lidei
1273 4877 1301 4929 et
1325 4870 1426 4931 lumen
1447 4878 1566 4931 veternis
1585 4870 1685 4944 gratiae
1706 4877 1867 4929 revocaret.

101 4961 191 5033 mine,
212 4976 310 5020 nonne
329 4960 440 5019 honuni
459 4974 559 5019 semen
578 4958 727 5018 seminasti
747 4959 778 5017 iu
798 4975 867 5033 agro
887 4958 961 5018 tuo?
1003 4962 1181 5037 Quapropter
1196 4961 1316 5022 libetin
1332 4963 1394 5036 ejus
1408 4963 1589 5037 praeconium
1602 4962 1711 5036 quihus
1724 4974 1776 5033 pro
1790 4966 1867 5018 tem·

101 5052 179 5110 unde
192 5066 261 5126 ergo
277 5050 364 5109 hahet
379 5048 514 5109 zizania?
531 5072 545 5102 s
563 5050 726 5123 adjicimus
740 5049 848 5107 etiam:
866 5069 880 5104 a
898 5048 958 5122 Vis,
1003 5068 1071 5129 pore
1102 5051 1182 5111 valeo
1210 5051 1357 5127 gaudere,
1387 5051 1524 5111 laudibus
1559 5052 1721 5111 exclamare
1749 5068 1755 5106 :
1785 5046 1869 5108 Deus

101 5146 188 5214 isius,
205 5150 233 5202 et
250 5143 416 5218 colligimus
434 5144 494 5203 ea?
513 5164 527 5197 v
545 5141 599 5201 Sed
620 5141 809 5201 consolatoria
828 5140 960 5216 protinus
1003 5140 1196 5215 omnipotens,
1214 5141 1406 5215 dilectissimi,
1424 5148 1453 5199 et
1472 5157 1523 5216 per
1537 5140 1632 5199 claves
1652 5138 1683 5197 Β.
1701 5137 1777 5196 Petri
1791 5152 1866 5211 apo-

102 5231 185 5292 uebis
210 5248 279 5292 voce
307 5232 460 5306 respondet
489 5251 496 5291 ε
522 5252 536 5285 ι
563 5229 656 5290 Sinite
682 5236 806 5304 utraque
832 5244 961 5288 crescere
1003 5230 1067 5289 stoli
1087 5229 1168 5288 vohis
1185 5231 1305 5303 ianuam
1325 5230 1407 5306 regni
1423 5230 1547 5290 coelestis
1559 5227 1676 5303 aperiat,
1691 5233 1719 5283 et
1733 5240 1788 5300 per
1801 5240 1867 5284 ora-

100 5322 241 5395 usuuead
257 5336 391 5392 messenii,
406 5328 434 5381 ct
451 5321 481 5379 in
502 5327 631 5395 ternpore
649 5319 751 5378 messis
770 5317 864 5377 dicuni
883 5332 959 5377 iuss-
1004 5323 1113 5379 tionem
1127 5318 1160 5379 Β.
1179 5318 1325 5379 Ambrosii
1346 5318 1492 5394 pontilicis
1507 5317 1595 5377 vestri
1609 5316 1764 5375 clementer
1777 5330 1795 5372 a
1810 5329 1864 5372 vo·

99 5409 235 5470 soiibus:
253 5408 385 5481 colligite
406 5411 536 5484 primum
560 5408 679 5479 zizania,
699 5413 727 5466 et
743 5405 860 5480 alligate
876 5422 909 5466 ea
928 5407 958 5466 iii
1002 5408 1047 5467 his
1070 5408 1168 5468 omnia
1190 5408 1333 5468 tenebrosi
1353 5408 1472 5483 spiritus
1487 5406 1707 5481 inquinamenta
1721 5402 1861 5478 detergat.

99 5497 251 5558 fasciculos
264 5498 302 5555 ad
314 5496 564 5572 comburendum
583 5497 710 5557 triticum
726 5504 822 5556 autem
839 5510 958 5569 congre·
1003 5498 1054 5556 Det
1072 5497 1152 5557 vobis
1173 5498 1204 5557 in
1222 5514 1265 5570 eu,
1282 5513 1370 5573 quam
1391 5498 1480 5557 semel
1494 5497 1631 5571 cupistis,
1652 5493 1790 5554 inviolata
1808 5508 1863 5553 re·

34 5656 39 5665 ,
97 5596 163 5663 gnte
179 5589 206 5647 iii
223 5588 361 5650 borreum
376 5589 685 5662 meum(ttotth.iiiii).
704 5586 960 5647 »Nemeumom
1002 5586 1084 5645 ritate
1104 5585 1255 5660 persistere
1276 5609 1281 5645 :
1300 5594 1327 5645 et
1347 5586 1377 5644 in
1393 5584 1558 5660 apostolicae
1577 5582 1736 5657 lideipetra
1752 5580 1862 5642 tunda-
