4100 6209
190 253 244 315 sti
424 251 453 313 S.
476 250 589 314 PETRI
607 254 768 315 paulitit
788 252 868 315 OPP.
888 251 985 314 utus
1004 251 1074 315 SRU
1094 250 1219 314 TOMUS
1239 252 1276 312 il.
1298 280 1330 297 -
1353 249 1579 314 stucuouutt
1599 254 1711 316 VITAE.
1890 254 1946 316 Μ
2036 244 2037 253 ’

195 397 233 441 ex
257 382 385 457 equestri
407 381 527 456 quidem
546 381 647 443 ordine
667 383 856 459 genusii‘li)
878 381 974 454 duxit,
994 379 1078 443 sedi
1127 387 1201 446 402
1228 379 1285 450 Qui
1310 384 1449 454 preterea
1472 378 1544 439 dum
1575 381 1612 440 ad
1645 380 1944 457 grandiuscularum

193 476 317 532 terrene
345 471 490 547 prosapiae
517 471 624 531 lineam
656 470 782 533 cmiestis
806 472 877 531 ritae
899 470 1050 532 nobilitata
1090 471 1183 530 aetatis
1196 469 1371 530 adolesceret
1386 470 1608 543 incrementum,
1624 471 1707 547 prins
1720 471 1799 545 apud
1812 476 1946 531 sanctum
2036 462 2037 517 ἶ

195 558 381 620 transcendit.
401 559 458 619 Hic
471 559 542 620 dnm
559 562 654 622 adbuc
668 561 774 639 puerili
788 567 933 621 teneretur
950 559 1048 621 inian-
1089 560 1106 621 J
1109 562 1242 621 alianum
1265 564 1423 633 martyrem
1438 559 1532 618 iactus
1545 564 1587 618 est
1606 558 1731 620 clericus
1744 558 1827 633 iiiii,
1841 558 1946 620 deinde
2036 554 2037 573 ¹

195 649 244 720 iia,
260 653 339 709 tanto
355 653 470 724 repente
488 655 531 708 est
544 650 679 711 omnium
696 650 755 709 iere
772 649 970 709 membrorum
984 649 1048 708 iau·
1090 649 1122 710 B.
1138 649 1235 709 Maioii
1256 648 1431 710 contessoris
1452 648 1558 723 egregii
1574 662 1607 707 se
1628 648 1793 723 magisterio
1819 649 1944 721 tradidit,
2036 678 2037 699 r

194 753 283 814 guore
316 737 511 810 constrictus,
538 745 569 799 ut
598 738 752 800 incedendi
785 754 902 813 quoque
929 753 1049 813 prorsas
1090 745 1118 800 et
1143 741 1174 798 in
1196 723 1382 799 Cludiacensi
1407 737 1580 797 monasteria
1600 737 1733 798 habitum
1751 745 1861 798 sandes
1883 738 1946 799 reti-

193 824 336 885 amitteret
363 825 538 885 facultatem.
566 828 684 888 Accedit
717 826 838 903 [accidit]
873 834 971 886 autem
998 825 1050 885 aii·
1088 827 1314 903 ginniseccepit.
1328 826 1384 885 Ubi
1399 825 1597 900 dumquietus
1610 833 1639 885 et
1654 827 1779 902 simplex
1793 826 1946 889 humiliter

195 912 321 989 qnando,
338 914 485 973 utnutrix
499 930 569 975 eum
583 923 650 974 ante
667 905 786 990 januam
802 915 955 988 enjusdam
969 913 1047 974 basi-
1089 916 1121 976 iu
1144 923 1243 975 sancta
1260 915 1402 990 religione
1425 915 1599 989 persisteret,
1620 917 1702 975 etin
1725 915 1786 990 ipso
1810 916 1893 976 rudis
1912 931 1945 976 ac

195 1000 270 1071 litas,
284 1016 362 1076 ‘qam
389 1001 587 1064 inhonorem
612 1005 704 1066 beatae
729 1004 781 1065 liei
809 1003 963 1064 Genitricis
988 1010 1049 1062 erat
1091 1004 1210 1065 novitiae
1224 1002 1454 1064 conversationis
1469 1003 1607 1077 exordio,
1632 1002 1891 1080 medumpam
1909 1019 1943 1064 en

194 1087 324 1149 dedicatis
343 1089 542 1167 relinqueret;
568 1098 597 1152 et
617 1091 681 1167 ipsa
701 1093 813 1152 intenta
832 1092 894 1151 suis
918 1103 1050 1165 compen·
1089 1094 1274 1169 perfectionis
1290 1093 1422 1165 iusignia
1445 1092 1646 1167 praelucerent,
1663 1093 1715 1151 rix
1731 1093 1856 1155 eraintis
1873 1108 1945 1169 qua·
2036 1112 2037 1155 i

193 1174 251 1236 diis
274 1174 326 1252 per
344 1176 459 1238 diversa
472 1182 572 1255 procul
596 1182 698 1242 abiret.
725 1181 801 1241 Puer
820 1181 918 1256 itaque
934 1197 964 1239 se
979 1195 1048 1238 con·
1089 1190 1155 1244 tuor
1179 1182 1275 1255 annis,
1291 1182 1324 1241 tt.
1350 1180 1473 1241 Maioius
1495 1181 1672 1242 obdormivit
1695 1180 1727 1240 in
1748 1181 1945 1253 Dominumd
2036 1174 2037 1199 l

192 1264 317 1341 spicieus
326 1267 392 1327 sine
404 1269 522 1328 custode
535 1269 679 1341 relictum,
694 1286 727 1329 ac
741 1268 872 1329 nutritiae
886 1267 1048 1328 sedulitatis
1089 1279 1245 1349 antequam
1268 1270 1459 1331 humanitatis
1482 1269 1612 1331 debitum
1635 1270 1769 1343 solveret,
1794 1272 1945 1346 proximus

193 1354 357 1416 ministeria
381 1355 569 1430 destitutum,
594 1357 695 1418 divino
726 1359 849 1435 quodam
879 1364 1049 1434 prouocatus
1090 1370 1187 1422 temen
1207 1362 1300 1420 beatae
1320 1360 1504 1421 dormitionis
1518 1358 1662 1421 articulus
1678 1359 1857 1433 immineret,
1878 1359 1944 1419 bea·

192 1443 343 1517 instinctu,
368 1451 476 1506 mutare
492 1447 577 1522 coepii
601 1449 625 1507 si
648 1448 748 1507 vairas
767 1447 895 1508 ecclesie
918 1446 1049 1524 quolibet
1090 1458 1154 1511 tum
1168 1449 1320 1510 odilonem
1338 1450 1455 1510 sibimet
1468 1448 1499 1508 in
1518 1448 1669 1524 pastoralis
1686 1447 1774 1509 officii
1792 1463 1866 1508 cure
1880 1447 1946 1507 snb

193 1532 261 1592 nisu
282 1541 378 1608 posset
405 1537 556 1611 attingere.
584 1536 756 1597 Flncinnbet
791 1537 881 1611 igitur
909 1536 1049 1596 innocens
1089 1540 1194 1611 stituit,
1216 1553 1363 1612 suumque
1389 1553 1476 1614 super
1502 1535 1646 1597 Dominici
1670 1536 1767 1611 gregis
1784 1536 1945 1597 custodiam

193 1636 261 1681 reus
282 1620 346 1696 Dei,
367 1630 395 1682 et
420 1623 475 1685 sab
498 1625 599 1686 dinuo
622 1627 741 1687 verbere
763 1627 950 1697 constitutas,
975 1625 1048 1701 quid
1089 1626 1232 1687 ricarium
1251 1627 1414 1704 dereliquit.
1437 1627 1469 1686 ln
1485 1639 1575 1702 quem
1597 1624 1730 1701 protinus
1743 1625 1879 1685 amnium
1894 1624 1946 1684 ira·

192 1715 290 1782 ageret
304 1712 457 1772 nesciebat.
474 1713 627 1787 innocens,
643 1716 774 1792 inquam,
788 1724 821 1776 ut
835 1720 904 1790 puta
922 1715 974 1790 qni
987 1730 1046 1774 non
1057 1722 1168 1810 Btram
1187 1722 1253 1776 vota
1270 1721 1459 1790 concurrunt,
1472 1730 1574 1775 omnes
1591 1729 1622 1774 se
1638 1713 1674 1773 ad
1698 1713 1896 1774 obedientiam
1914 1714 1942 1774 ei

190 1806 378 1874 peccaveram
402 1817 468 1862 reus
489 1810 586 1864 antem
610 1805 674 1877 Dei,
700 1805 769 1881 qnia
794 1805 903 1865 coeiesti
928 1804 1048 1864 verbere
1090 1805 1222 1866 unanimi
1242 1806 1395 1866 deuotione
1414 1805 1621 1876 substernant;
1651 1804 1807 1879 quiqnese
1826 1808 1945 1863 eatenus

192 1888 356 1964 vapulabat.
373 1891 503 1951 Tandem
521 1909 623 1968 repens
643 1902 670 1955 et
689 1895 773 1973 quasi
790 1895 916 1969 quodam
933 1910 963 1953 se
984 1909 1047 1952 rna·
1089 1895 1202 1956 orbatos
1225 1910 1374 1955 remanere
1400 1893 1585 1965 defleverant,
1611 1891 1788 1951 decessionis
1816 1899 1944 1966 paterne

191 1992 287 2039 unum
302 1981 468 2056 pedumque
486 1983 608 2059 remigia
630 1985 775 2055 iniciens,
789 1986 841 2043 vix
865 1982 1047 2059 pervenitad
1085 1985 1240 2059 jacturam,
1256 1983 1389 2058 supparis
1409 1982 1509 2042 vicarii
1527 1981 1732 2042 reformatione
1745 1987 1942 2054 compensant.
2036 1974 2037 2015 ³

187 2067 321 2141 januam,
342 2068 484 2143 paulatim
509 2087 675 2146 progressus
701 2074 831 2133 intrarit.
856 2072 979 2148 iamque
997 2086 1048 2147 spe
1123 2074 1187 2135 iam
1203 2072 1317 2132 veroin
1336 2071 1483 2132 commissi
1497 2070 1649 2145 regiminis
1662 2068 1861 2130 sollicitudine
1875 2084 1942 2129 eon·
2036 2082 2037 2153 j

192 2165 339 2234 concepta,
354 2159 498 2222 valentior
517 2162 613 2237 palam
635 2164 735 2224 altaris
756 2164 889 2239 arripuit,
906 2163 992 2223 etsie
1015 2179 1048 2222 se
1088 2160 1228 2232 stitutus,
1256 2158 1393 2234 plurimis
1415 2166 1523 2218 sancire
1547 2157 1699 2231 religionis
1727 2159 1816 2231 ooepit
1839 2159 1943 2217 llorere
2036 2194 2037 2211 .

191 2248 311 2322 erigere,
332 2248 440 2324 quibus
460 2259 570 2326 poterat
592 2254 753 2323 conatibus,
773 2255 868 2330 erepit.
892 2254 948 2315 Sed
975 2257 1047 2315 dum
1088 2247 1265 2319 virtutibns;
1279 2248 1421 2309 nimirum
1440 2252 1472 2308 ut
1485 2245 1657 2322 psalmodias
1669 2246 1772 2306 stadiis
1786 2245 1944 2322 vigilanter

194 2334 395 2411 intempestive
408 2344 539 2411 conatur,
552 2341 676 2400 necdum
688 2341 774 2402 soluti
788 2342 937 2417 languoris
949 2342 1048 2402 adbuc
1088 2336 1243 2409 insisteret,
1268 2336 1342 2397 dura
1367 2352 1471 2412 corpus
1492 2335 1591 2396 inedia
1618 2341 1786 2407 maceraret,
1812 2342 1944 2411 eiqeea

194 2423 356 2485 nodositate
370 2427 563 2504 restringitur.
578 2429 654 2500 Quid
676 2428 923 2504 pluratTandem
936 2422 1048 2491 dir'inae
1088 2427 1177 2486 sacris
1206 2427 1347 2488 altaribus
1371 2442 1432 2487 non
1457 2427 1615 2498 recedam,
1637 2426 1856 2501 'quotidianum
1883 2426 1944 2484 iere
2036 2472 2037 2489 .

194 2511 311 2573 virtutis
325 2514 471 2576 anuiiinnr
490 2516 590 2583 sensit,
610 2526 638 2578 et
655 2520 735 2579 amni
757 2519 897 2594 languore
917 2520 1048 2595 deposito
1088 2515 1281 2590 omnipotenti
1308 2516 1367 2575 lieo
1392 2515 1567 2574 meridedum
1590 2514 1687 2575 landis
1713 2514 1836 2574 odensi.
1865 2511 1944 2572 inter

193 2599 287 2661 iactus
301 2602 466 2676 incolumis,
479 2605 714 2667 edreierendum
734 2608 793 2668 lieo
806 2611 912 2683 gratias
926 2611 1047 2669 intuen·
1089 2618 1163 2681 quas
1187 2606 1315 2681 proiecto
1341 2606 1397 2680 piae
1422 2606 1585 2667 devotionis
1613 2605 1762 2672 excubias,
1786 2604 1945 2665 uberrimis

193 2690 267 2750 tium
289 2691 404 2751 animas
425 2696 598 2765 promserit.
624 2697 660 2756 iit
675 2697 744 2772 qnia
768 2705 837 2758 tunc
850 2699 929 2759 alius
950 2700 1051 2759 deerat
1089 2698 1264 2773 plerumque
1286 2697 1484 2771 lacrymarum
1503 2696 1776 2772 compunctionibus
1796 2695 1943 2755 aniame

192 2778 243 2852 qni
257 2793 309 2853 pra
321 2796 353 2839 se
367 2781 577 2857 intercederet,
593 2793 710 2847 sanans
722 2788 784 2862 ipse
799 2833 806 2861 ,
822 2796 854 2848 nt
873 2790 912 2847 ita
935 2789 1047 2864 loquar,
1126 2786 1215 2846 Porro
1232 2791 1328 2845 antem
1342 2784 1490 2845 Adraidus
1505 2785 1591 2858 (iti),
1604 2784 1695 2845 abbas
1705 2783 1873 2844 bremensis
1888 2797 1946 2843 me

194 2870 227 2929 in
239 2885 269 2929 se
282 2870 754 2953 signnmvirtutisexbibnit,ipse
767 2894 821 2954 pro
834 2880 1047 2951 seinterrenit;
1090 2875 1219 2947 nasteni,
1243 2875 1290 2933 vir
1309 2875 1443 2935 videlicet
1468 2873 1621 2949 religiosas
1640 2889 1674 2932 ac
1691 2879 1797 2933 sancte
1819 2887 1947 2933 conver·

193 2957 270 3018 etde
285 2958 347 3033 ipsa
367 2960 507 3023 miraculo
521 2963 631 3024 faciem
646 2967 821 3027 medicinam
836 2968 947 3029 diriuae
960 2985 1048 3029 curn·
1090 2966 1212 3027 sotionis
1239 2966 1388 3025 honestate
1414 2964 1600 3038 conspicuus,
1623 2963 1674 3038 qui
1695 2963 1860 3038 discipulus
1882 2962 1948 3036 ejus

195 3046 284 3108 danis
308 3049 444 3111 obtinuit.
459 3052 521 3113 Hac
547 3062 591 3115 est
613 3056 692 3117 enim
721 3062 880 3133 egregium,
893 3066 921 3119 ei
935 3059 1049 3134 insigne
1091 3055 1250 3128 exstiterat,
1269 3054 1353 3113 uobis
1373 3051 1948 3128 aliquandoretuiitqniaririiui,dnm
2036 3110 2037 3121 ,

1057 3110 1079 3173 G

196 3138 384 3214 miraculum,
398 3157 467 3204 oum
483 3145 570 3207 namo
585 3162 644 3208 nan
660 3164 712 3223 per
725 3149 835 3223 alium,
852 3150 901 3209 sed
915 3149 977 3226 ipse
993 3150 1049 3210 sibi
1091 3146 1122 3205 in
1138 3159 1172 3203 eo
1192 3159 1252 3219 quo
1270 3144 1453 3219 postmodum
1472 3142 1629 3203 defunctus
1647 3139 1722 3198 408
1742 3146 1785 3202 est
1808 3142 1950 3216 languere

195 3228 459 3292 conoeivitdivtnae
472 3235 763 3298 prauusauxjtium,
1090 3232 1294 3303 decumberet,
1321 3232 1367 3293 illi
1396 3232 1534 3308 precepit
1560 3237 1592 3292 ut
1617 3246 1655 3291 eu
1683 3231 1838 3291 mlcnisris
1866 3229 1948 3289 auci
2036 3314 2037 3323 ἵ

705 3354 870 3416 ANDREAE
889 3352 1041 3416 abusuri
1061 3351 1109 3412 ΕΤ
1127 3348 1302 3411 ΑΝΟΝΥΜΙ
1319 3344 1441 3410 NOTAE.

197 3437 269 3491 tione
299 3439 422 3497 curauit.
456 3443 697 3510 quactumeutrque
732 3445 879 3512 impeditus
910 3446 987 3513 γαίη
1017 3445 1049 3498 ia
1093 3441 1276 3494 eumdumius
1291 3437 1386 3493 abbate
1400 3439 1510 3492 Odiiaue
1530 3438 1563 3492 iu
1586 3436 1635 3491 bac
1659 3437 1714 3490 ioca
1740 3435 1949 3490 simmatus

197 3508 340 3572 “vividi
354 3509 527 3579 memoreris
545 3512 587 3565 iia
600 3513 702 3578 terpus,
726 3521 757 3569 ut
781 3517 979 3584 equitassem
992 3526 1049 3570 noa
1093 3525 1165 3574 cera,
1197 3516 1228 3567 ut
1250 3515 1309 3565 erat
1335 3519 1423 3563 meite
1449 3510 1588 3576 benignus,
1609 3516 1671 3562 euru
1694 3508 1815 3574 manauit
1834 3512 1951 3573 prepter
2036 3518 2037 3537 ¹

194 3578 372 3644 mater,
397 3583 444 3634 reti
473 3583 603 3649 prodigite
632 3586 778 3640 diceretur.
805 3587 934 3654 Tempore
964 3587 1048 3653 tamis
1093 3596 1120 3637 ss
1146 3583 1291 3639 maanaim
1315 3582 1461 3646 diuersae,
1489 3582 1567 3635 oniae
1600 3581 1696 3635 ttoimt.
1729 3579 1827 3633 Pauus
1853 3581 1950 3646 uapor
2036 3644 2037 3649 γ

194 3651 361 3715 coruumptp
375 3651 406 3703 io
424 3665 488 3706 usur
506 3667 659 3718 pauperum
674 3656 809 3712 thesauris
827 3660 948 3721 materie,
966 3661 1049 3724 ptura
1093 3657 1242 3711 iraruactis
1257 3653 1348 3708 dubia
1365 3652 1513 3707 transeam
1526 3653 1678 3715 remouit.
1699 3653 1798 3707 barnee
1821 3651 1861 3704 iiii
1885 3663 1952 3707 asu·

199 3720 374 3775 etiamsaera
391 3737 459 3776 oasa
472 3728 498 3778 et
515 3726 692 3782 restuinetica
705 3734 871 3785 ornamenta
884 3731 1048 3795 pauperibus
1092 3728 1212 3782 corditer
1234 3726 1307 3780 buno
1334 3724 1475 3780 odilonem
1500 3724 1623 3778 abbatem
1651 3728 1768 3787 rocsnt5
1794 3735 1848 3781 uec
1867 3722 1951 3777 aihu
2036 3708 2037 3751 ἢ

193 3790 345 3847 distribuit.
375 3792 484 3847 corone
511 3797 607 3860 eiiam,
634 3812 718 3866 qaam
746 3803 877 3855 lierrrieui
916 3807 1048 3855 secundus
1094 3796 1154 3870 ejus
1176 3799 1294 3852 nominis
1315 3798 1479 3862 scripturam
1504 3796 1570 3847 aiibi
1593 3796 1695 3849 ridis'se
1717 3790 1852 3853 mdetuiu,
1876 3806 1949 3861 pro·

194 3860 346 3928 mouetur
360 3864 413 3919 sili
431 3866 463 3919 ab
481 3870 526 3921 rui
547 3870 710 3925 memoriam
735 3873 893 3931 destinauit,
918 3882 975 3926 neu
1000 3885 1048 3936 pe·
1094 3879 1217 3938 terqnsm
1240 3870 1267 3921 in
1289 3868 1399 3921 arbonis
1414 3859 1586 3932 imperatoris
1601 3867 1684 3919 unica
1702 3865 1860 3931 notemus,
1876 3860 1953 3932 quoii
2036 3892 2037 3897 κ

192 3936 291 4002 percit.
319 3938 420 4004 corpus
449 3952 530 3993 suum
554 3954 610 3995 aaa
642 3945 754 3998 tautum
792 3945 870 3997 auiis
889 3943 1048 3999 attenuabat
1094 3946 1204 4002 Odium
1240 3954 1270 3993 ro
1285 3939 1394 3994 Odiioas
1410 3942 1594 4003 rmncupetunr
1609 3936 1728 4003 praeteri.
1742 3937 1886 3991 Demean.

188 4007 306 4075 jejuniis
325 4013 350 4062 et
370 4009 528 4075 asperrimis
541 4012 683 4068 edomabat
701 4014 807 4076 ciliciis,
825 4016 873 4069 sed
892 4020 919 4071 et
939 4017 1046 4083 quitus·
1125 4016 1215 4084 (iiii‘
1252 4011 1342 4066 ribunt
1367 4011 1449 4069 idem,
1476 4014 1504 4062 et
1525 4009 1704 4074 allegaremus
1726 4010 1783 4076 iam
1806 4014 1953 4062 auctorum

193 4076 261 4131 dam
295 4079 392 4144 ferreis
432 4081 545 4135 meiius
577 4085 741 4141 coarctabat.
776 4086 888 4141 Sobrius
920 4092 979 4141 erat
1016 4085 1049 4139 iu
1093 4089 1217 4153 plerique
1232 4106 1238 4135 r
1251 4084 1297 4152 qui
1314 4086 1404 4136 tamen
1418 4084 1516 4145 gentis,
1531 4084 1591 4133 sire
1604 4079 1714 4133 lemtim
1731 4080 1825 4132 tacent
1838 4091 1953 4135 neuneu
2036 4082 2037 4143 i

192 4148 304 4211 meam,
321 4155 347 4203 et
363 4150 425 4215 pias
441 4150 472 4203 iu
493 4155 689 4218 campatiendo.
713 4159 790 4209 tuter
811 4160 1048 4211 maceraretur
1093 4161 1192 4213 lerum
1220 4155 1292 4208 iiiam
1327 4152 1452 4205 ilerearii
1484 4151 1577 4211 inisse,
1603 4156 1782 4217 sanctumque
1808 4150 1953 4205 aminaea!

194 4220 270 4274 eirca
285 4222 393 4273 beatam
414 4219 463 4272 liei
477 4228 597 4278 matrem
623 4227 816 4281 araeutr'erima
839 4228 978 4281 deuotione
999 4229 1050 4294 tia·
1094 4231 1127 4284 cie
1139 4225 1267 4281 Mercurio
1280 4224 1500 4289 cognominatum
1517 4224 1651 4286 mapieor,
1666 4221 1778 4287 adiutas
1793 4221 1954 4277 testimonla

192 4288 301 4355 wat,
318 4292 424 4355 irrepta
448 4292 516 4345 auru
539 4295 784 4361 repoeireadereiur
810 4313 844 4352 ee
865 4312 896 4352 eo
923 4302 995 4366 quod
1018 4298 1051 4351 iu
1096 4297 1250 4354 intendant
1275 4296 1502 4349 claramontensis
1522 4294 1663 4351 maleus,
1685 4293 1758 4355 qnod
1780 4292 1955 4347 immanitate

193 4360 351 4427 miletius
369 4367 573 4422 memoratu
593 4368 669 4433 jurio
692 4380 746 4420 eres
769 4370 915 4431 uideretur,
939 4383 1049 4436 respau·
1096 4368 1277 4427 it.8eraronts
1290 4366 1440 4421 exhibitum
1451 4361 1897 4429 esibuiusmodi:osrartaiiouar
1905 4362 1952 4416 ia·
2036 4352 2037 4405 i

193 4430 235 4485 iiii
249 4452 256 4484 =
269 4430 303 4486 Si
327 4435 502 4494 damnande
515 4437 577 4499 sim.
590 4438 663 4492 maio
676 4439 809 4494 damnari
833 4442 866 4493 ae
893 4443 1049 4496 misericor·
1095 4441 1201 4503 uacui,
1219 4439 1321 4494 Octava
1337 4436 1367 4492 S.
1382 4435 1567 4503 stephanici
1584 4433 1704 4488 udicare
1721 4432 1825 4487 diaria
1841 4438 1870 4488 et
1886 4446 1953 4488 ants·
2036 4434 2037 4457 ¹

193 4504 244 4557 tiis
268 4517 352 4571 paam
371 4511 404 4563 ae
428 4511 545 4570 duritia.
568 4513 610 4563 uei
635 4511 805 4564 maduere.
837 4513 922 4579 liujus
959 4515 1049 4568 Vitam
1093 4512 1212 4581 fusoris,
1230 4522 1280 4575 pra
1297 4522 1349 4575 qua
1365 4507 1432 4575 setta
1445 4506 1572 4560 libranda
1587 4504 1663 4560 Odiis
1675 4505 1707 4556 de
1720 4501 1852 4557 reuerso
1867 4517 1955 4557 ceun-

190 4576 270 4642 jussu
299 4579 417 4645 repone
449 4584 509 4650 ejus
529 4583 696 4635 -suceestcrie
726 4583 835 4649 scierit
866 4587 961 4638 Petrus
998 4584 1049 4638 iia·
1092 4577 1622 4644 utcasoturomontema,etprupoutar
1633 4575 1955 4639 brivatensi-emmarrici

194 4646 313 4701 uiuum.
336 4647 431 4707 carm
451 4655 539 4719 ipitur
556 4654 698 4706 miraculis
721 4655 752 4707 ia
775 4655 843 4714 vita,
860 4655 991 4719 migrauit
1009 4656 1048 4709 ati
1092 4654 1278 4725 quaeremur
1304 4651 1402 4704 actiaca
1422 4650 1566 4709 ceusumes,
1592 4651 1641 4701 ant
1658 4649 1772 4699 reddere
1786 4646 1874 4699 semu
1888 4658 1953 4713 que·
2036 4656 2037 4675 ¹

192 4715 331 4772 divisium
347 4723 380 4774 iu
400 4726 497 4791 cipitia
520 4721 748 4779 Oimumsuiouis.
773 4728 806 4776 ia
822 4726 950 4780 estremis
971 4728 1047 4780 taia-
1091 4726 1222 4791 draps'uta
1245 4721 1337 4783 libras,
1358 4726 1383 4776 et
1411 4720 1507 4774 debeat
1522 4719 1621 4773 librari
1634 4720 1666 4772 ia
1682 4719 1776 4779 mirra,
1792 4721 1819 4770 ei
1843 4718 1879 4771 iu
1893 4731 1956 4771 oee-
2036 4728 2037 4769 i

194 4802 261 4843 raus
277 4791 416 4847 ausurum
437 4800 528 4849 arture
546 4794 625 4852 uiuit,
644 4799 669 4848 et
693 4808 755 4850 eum
773 4796 937 4863 crimmum
963 4798 1048 4863 supa-
1092 4812 1155 4866 pero
1170 4795 1238 4850 aisti
1251 4794 1325 4861 sesti.
1342 4794 1380 4847 id
1393 4793 1543 4861 quidenim
1557 4791 1702 4856 pecnuirim
1719 4801 1769 4857 pro
1783 4790 1811 4844 8.
1830 4789 1956 4845 iidiioais

193 4859 244 4915 cit.
272 4863 390 4918 iterninii
416 4870 444 4920 et
472 4868 546 4921 iliius
573 4868 725 4921 chronicon
754 4867 778 4920 s.
812 4869 923 4932 benigni
959 4869 1046 4922 iirrto·
1093 4870 1196 4925 abbatis
1221 4869 1292 4921 lesia
1317 4865 1442 4919 librando
1466 4863 1636 4930 promisisset
1663 4861 1737 4916 odilo
1754 4862 1788 4914 de
1807 4861 1956 4924 derectis,

193 4936 307 4995 nensis,
343 4935 372 4990 ln
406 4950 461 5005 qao
484 4938 592 5003 iegitur,
620 4939 693 5005 quod
718 4948 791 4992 sono
825 4939 884 4991 titii
914 4941 970 4992 lies
991 4939 1047 4994 ila·
1092 4942 1145 4996 nisi
1161 4933 1656 5002 nonmagninenseins,etexeedsm
1670 4932 1772 4988 inmitia
1787 4937 1957 5000 procreatus

195 5001 286 5058 ieritis
321 5008 512 5073 Burptsrdicru
536 5009 648 5063 intrarit
674 5018 736 5063 euru
769 5009 889 5077 piurima
916 5010 1048 5075 ecereitu,
1093 5012 1252 5066 exstitisset.
1276 5008 1314 5062 io.

196 5073 339 5132 cimonem
366 5083 488 5134 cestrum
515 5080 636 5142 amerit
666 5080 886 5146 urmmputtam
910 5083 1048 5149 regionem
1122 5083 1191 5149 (iti)
1208 5081 1238 5134 itt
1256 5079 1420 5135 baratensis
1440 5075 1579 5146 [aumas]
1600 5075 1662 5130 rico
1684 5073 1798 5127 semei
1820 5071 1902 5132 liade
1922 5078 1955 5128 et

193 5146 337 5203 musicus
369 5163 401 5205 ae
431 5152 603 5218 amoeniores.
632 5152 715 5219 t'ujar
741 5155 815 5206 iram
840 5154 938 5206 timens
965 5152 1047 5207 aibas
1092 5152 1293 5209 silviniacensis
1313 5151 1467 5203 monscbns
1494 5150 1524 5200 tu
1556 5147 1679 5213 eiusdem
1707 5144 1785 5197 iiie:
1804 5142 1956 5212 Touana

200 5215 352 5285 Wiieirrue,
389 5234 480 5276 amires
504 5223 648 5277 meraciter
683 5223 718 5277 air
748 5222 797 5279 boe
819 5226 874 5278 ioca
905 5236 955 5291 per
989 5224 1048 5277 atia
1092 5227 1163 5281 aiter
1177 5227 1263 5283 leues.
1276 5221 1377 5290 iuquit,
1400 5220 1455 5274 uae
1471 5218 1582 5274 Samuel
1606 5215 1713 5271 Obris'o
1726 5220 1912 5276 carum,
1928 5221 1955 5271 st

127 5332 131 5337 .
195 5294 364 5347 maruno
383 5295 616 5363 perureretur,
639 5295 797 5363 aliquantos
823 5306 896 5360 mo,
918 5298 944 5349 et
971 5294 1047 5349 omui
1092 5298 1203 5350 crisme
1220 5294 1295 5360 apori
1321 5289 1348 5343 S.
1374 5290 1682 5357 rutarumpartoeum
1696 5291 1854 5354 mutorum
1872 5286 1957 5342 eret·

194 5363 296 5415 amaia
319 5366 431 5420 mesia
453 5366 485 5419 ia
502 5369 625 5421 emirum
651 5365 758 5427 Divisit.
781 5378 820 5420 ¹ae
849 5366 880 5418 in
908 5366 1047 5421 cadmiam
1091 5371 1148 5423 euie
1163 5369 1236 5421 sarie
1252 5362 1425 5419 uideuatur.
1440 5363 1478 5415 ln.

194 5428 224 5485 S·
252 5432 394 5500 Viuaeutir',
419 5441 592 5509 quamtitas
607 5438 698 5503 putus
728 5439 795 5506 iura
822 5437 948 5491 monada
968 5438 1047 5491 istius
1123 5439 1191 5505 (tta)
1208 5438 1244 5492 lie
1260 5447 1315 5503 qno
1337 5437 1365 5487 et
1389 5433 1512 5487 dbroniai
1531 5430 1720 5487 mentesanus
1743 5430 1875 5499 scriptor,
1905 5430 1954 5496 qni

196 5502 249 5558 iau
270 5507 546 5575 'parriasiarttsp‘eeii
575 5509 711 5572 residem
750 5508 844 5576 paucis
875 5509 1048 5563 vsotuuuoaa
1093 5513 1220 5577 satrapis
1246 5505 1404 5561 aurauattm
1425 5500 1602 5561 crematoris
1630 5500 1793 5559 mutirtuii
1821 5502 1953 5559 Μ

203 5574 396 5646 maestius
421 5581 573 5636 messam
591 5580 651 5646 rou,
668 5584 693 5635 u
715 5576 744 5635 s
770 5580 884 5649 mauu
904 5580 1049 5637 suerrum
1088 5581 1252 5640 emnem
