4100 6209
103 269 151 330 sol
723 267 906 330 tuterunt
924 269 1043 331 EPIST.
1064 268 1226 332 NUNCUP.
1799 264 1852 328 tob

99 400 189 452 amen
210 395 307 451 monta
325 391 357 449 in
375 391 555 465 possessione
569 393 737 452 monasterii
750 394 1128 469 permanente.Apraedicta
1144 406 1259 452 eremus
1279 391 1316 451 ad
1336 392 1481 451 defamem
1504 391 1645 461 evenerit,
1669 390 1711 449 ita
1730 396 1764 450 ut
1782 407 1851 452 con-

98 483 140 543 sb
157 482 220 542 istis
240 481 338 555 itaque
359 479 429 538 locis
451 480 552 540 orunia
574 498 641 556 quae
666 481 701 540 ad
723 489 862 542 moutam
880 499 949 544 con·
993 491 1112 546 rentum
1134 484 1342 543 monachorum
1364 497 1422 541 nou
1443 481 1558 554 habeat,
1571 487 1600 541 et
1617 481 1719 541 saltem
1737 489 1795 542 tres
1806 483 1848 542 ibi

98 572 216 631 tendunt
237 584 351 628 emmas
375 573 479 640 terrem,
502 569 531 627 id
562 577 605 629 est
625 588 642 630 a
670 573 806 646 praedicta
828 572 971 648 lumeng
991 574 1093 634 iratres
1104 567 1166 632 iton
1181 572 1238 631 sint
1252 572 1302 646 qui
1317 571 1480 631 amandum
1495 576 1662 631 consuetam
1678 569 1773 645 ipsius
1792 569 1850 630 loci

98 659 161 719 tella
181 664 210 717 et
229 656 365 732 predicto
384 660 482 716 monta
505 657 643 720 Rotundo
658 659 815 734 peripsam
830 676 949 721 curreu-
991 659 1168 719 eremiticam
1193 657 1325 733 regulam
1349 657 1460 726 vivant,
1486 663 1557 716 tunc
1578 664 1607 716 et
1633 671 1667 716 eo
1695 671 1763 718 oasu
1787 657 1850 733 ipse

97 751 163 808 tiam
175 747 307 809 fluminis
321 761 415 822 usque
428 747 465 805 ad
484 756 613 808 montem
629 749 777 823 Gerasam3
797 752 865 812 alta
881 769 951 813 sero
992 764 1109 809 eremus
1130 763 1198 808 cnm
1220 746 1284 806 suis
1300 743 1482 820 pertinentiis
1498 744 1674 818 juribus...
1693 747 1850 822 ipsumque

96 836 181 910 Alpes
201 834 351 911 equaliter
374 834 450 893 inter
472 850 602 898 eremum
628 844 656 896 et
677 840 886 900 monasterium
909 840 952 900 di·
991 838 1088 898 locum
1092 879 1146 896 .....
1170 836 1226 898 sub
1246 851 1299 896 sua
1303 877 1357 893 .....
1377 833 1502 908 Insuper
1517 833 1680 894 uosGuido
1699 840 1729 894 et
1747 835 1849 896 Erme-

97 926 239 985 ridantur.
265 924 376 984 Habeat
409 925 495 983 etiam
528 942 643 987 eremus
675 929 825 990 ecclesiam
859 933 950 992 sancti
991 929 1055 987 lina
1079 927 1224 987 comitissa
1253 942 1317 984 mea
1341 939 1418 983 uxor
1442 923 1623 997 spondimus,
1652 923 1849 997 promittimus

97 1015 196 1075 musti
217 1015 249 1074 in
266 1014 418 1074 llutiliano
434 1030 501 1075 cunr
520 1017 657 1076 omuibus
675 1018 736 1077 suis
757 1021 949 1095 pertinentiis,
990 1023 1078 1093 atque
1115 1017 1278 1089 obligamus
1316 1012 1469 1073 abbatibus
1500 1011 1630 1087 predicti
1668 1015 1850 1087 monasterii,

96 1106 222 1180 exceptis
244 1106 359 1166 duobus
383 1105 658 1181 molendinisque
680 1108 776 1182 ipsum
806 1115 950 1169 monaste·
992 1108 1071 1185 quod
1095 1107 1121 1167 si
1145 1106 1274 1166 delinitio
1304 1104 1439 1177 predicta
1460 1119 1478 1163 a
1499 1103 1606 1162 domno
1625 1102 1710 1164 Petro
1728 1122 1850 1166 venera·

96 1194 170 1254 rium
201 1200 286 1264 tenet,
308 1201 336 1252 et
358 1192 490 1253 insulam
514 1195 601 1269 juxta
625 1197 792 1256 molendina
816 1200 949 1273 positam,
991 1197 1045 1256 bili
1070 1196 1200 1272 pontifici
1220 1195 1303 1254 nobis
1326 1193 1584 1264 consentientibus,
1610 1200 1643 1252 ut
1665 1194 1777 1255 dictum
1795 1203 1850 1268 est,

96 1283 123 1343 in
145 1298 206 1358 qua
221 1282 273 1356 qui
296 1298 329 1340 ea
348 1283 527 1354 custodiunt,
546 1284 630 1343 modo
651 1285 781 1344 habiero
802 1286 949 1357 ridentur,
991 1286 1069 1344 inter
1095 1282 1301 1343 monasterium
1326 1289 1354 1340 et
1377 1297 1509 1341 emmam
1532 1280 1606 1340 lacta
1622 1284 1767 1344 custodire
1787 1301 1850 1346 mo-

96 1380 120 1429 et
141 1387 212 1446 quaa
232 1386 283 1445 per
303 1371 467 1430 donationis
491 1373 627 1447 paginam
648 1389 664 1431 a
687 1373 877 1434 donatoribus
898 1377 949 1433 ob·
991 1374 1097 1451 disque
1118 1374 1257 1434 omnibus
1271 1374 1445 1443 observare3
1464 1379 1491 1431 et
1504 1372 1540 1446 si,
1554 1374 1634 1447 quod
1647 1374 1733 1446 absit,
1749 1377 1849 1452 aliqua

95 1462 175 1519 scuit
194 1460 312 1534 praelato
331 1476 427 1520 eremo
444 1461 475 1519 in
494 1460 556 1521 loco
576 1462 724 1534 Fagnaula
746 1472 773 1523 et
797 1464 826 1522 in
849 1464 950 1523 Porolo
991 1466 1139 1526 occasione
1156 1480 1285 1525 eremum
1304 1464 1491 1538 jamdictum
1510 1464 1547 1522 ad
1564 1464 1693 1524 nibilum
1723 1466 1849 1528 devene-

96 1550 184 1609 simili
205 1550 289 1609 modo
311 1552 558 1625 permanentiam
581 1553 657 1611 dicto
681 1554 949 1623 monasteriorum
991 1555 1039 1624 rit,
1064 1570 1124 1613 non
1153 1554 1312 1614 habeamus
1336 1553 1481 1612 licentiam
1508 1569 1561 1613 neo
1588 1560 1758 1629 potestatem
1782 1558 1850 1618 aliae

95 1653 228 1713 campum
249 1638 385 1698 Lirerani
410 1648 576 1714 permaneat
603 1656 712 1701 eremo.
742 1643 852 1702 Cuncta
880 1658 949 1701 vero
990 1642 1119 1701 ecclesiae
1136 1642 1217 1702 illam
1242 1642 1392 1702 ecclesiam
1410 1640 1456 1700 rel
1477 1657 1594 1717 quoquo
1622 1643 1709 1703 modo
1731 1659 1850 1705 eonsen-

95 1742 278 1803 quaecunque
296 1728 479 1803 nostrijuris
498 1730 641 1788 suntsive
658 1730 1054 1824 in'lrcudacio,siveBtire,
1076 1729 1122 1788 sel
1148 1730 1172 1789 si
1198 1736 1298 1789 contra
1322 1729 1386 1788 bec
1409 1729 1573 1802 fecerimus,
1602 1745 1775 1806 componere
1797 1749 1850 1793 nos

95 1817 122 1874 in
141 1815 304 1890 llivagutti,
320 1817 382 1875 siro
403 1819 432 1875 in
455 1817 590 1889 Rosamo,
607 1819 669 1877 sive
686 1820 771 1878 etiam
795 1821 826 1878 in
851 1821 950 1880 Casta·
991 1839 1059 1882 cnm
1076 1822 1183 1883 nostris
1201 1822 1271 1881 liliis
1289 1827 1317 1880 et
1334 1820 1502 1881 haeredibus
1520 1821 1718 1892 promittimus
1733 1822 1849 1883 abbati-

95 1906 203 1978 gnaris,
221 1906 283 1963 sire
301 1906 331 1965 in
351 1906 472 1967 Gorenla
475 1950 529 1966 .....
553 1908 599 1966 vel
622 1909 854 1983 inquibuslibet
881 1910 950 1969 locis
991 1914 1056 1983 bus,
1083 1913 1125 1972 ibi
1150 1928 1200 1987 per
1227 1920 1353 1987 tempora
1380 1911 1623 1984 deservientibus,
1651 1914 1716 1974 auri
1744 1916 1847 1990 optimi

95 1994 190 2053 omnia
212 1997 420 2055 monasterium
436 1996 500 2056 siue
514 1997 576 2056 ulla
591 2012 707 2071 prorsus
725 1998 950 2059 contradictione
991 2003 1081 2062 libras
1109 2004 1219 2073 decem,
1239 2002 1279 2061 ita
1304 2005 1400 2059 umen
1427 2006 1460 2059 ut
1483 2008 1547 2074 post
1570 2001 1695 2060 solutum
1718 2018 1846 2078 poenam,

96 2082 238 2155 possideat
251 2099 317 2142 cum
341 2090 397 2144 toto
419 2086 484 2157 juro
506 2086 584 2160 quod
604 2084 746 2146 babemus
759 2086 789 2145 in
806 2095 950 2147 monaste·
990 2090 1122 2150 delinitio
1136 2098 1164 2149 et
1177 2090 1313 2163 obligatio
1324 2088 1354 2148 in
1371 2104 1425 2148 sua
1438 2087 1574 2147 firmitate
1588 2090 1735 2164 perduret.

96 2174 134 2232 rio
156 2174 251 2231 sancti
274 2173 430 2234 Benedicti.
452 2176 513 2233 Hac
531 2178 618 2235 etiarn
642 2185 739 2236 nostra
763 2179 953 2253 preceptione
1032 2183 1108 2258 Ergo
1122 2182 1322 2242 Ginnamellus
1335 2179 1514 2242 notariusde
1527 2179 1672 2241 territorio
1687 2181 1847 2241 Ferentino

96 2262 279 2321 deceruimus
294 2270 326 2321 ut
345 2264 551 2324 monasterium
574 2271 603 2324 et
623 2281 738 2324 eremus
752 2267 806 2325 boc
828 2267 903 2325 inter
922 2283 953 2327 ss
996 2277 1114 2344 rogatus
1139 2286 1156 2329 a
1185 2269 1322 2345 predicto
1346 2268 1479 2330 Gnidone
1499 2269 1598 2328 comiti
1619 2277 1648 2329 et
1668 2285 1722 2330 sua
1741 2286 1846 2342 uxore,

96 2352 222 2411 inlicem
245 2353 378 2425 debeant,
394 2362 538 2429 quatenus
557 2371 624 2416 cum
645 2357 840 2416 necessarium
863 2358 952 2417 fuerit
995 2376 1048 2419 uec
1069 2375 1163 2419 noua
1185 2359 1293 2418 domno
1316 2357 1476 2418 venerabili
1501 2358 1583 2417 Petro
1604 2358 1750 2433 pontilice,
1771 2360 1845 2419 lianc

97 2447 126 2498 ut
145 2443 358 2503 monasterium
380 2444 510 2505 infirmos
535 2446 637 2507 iratres
658 2448 749 2506 eremi
774 2450 810 2508 ad
834 2450 950 2510 relocil-
993 2450 1194 2509 delinitionem
1206 2455 1236 2507 et
1248 2447 1454 2520 obligationem
1470 2446 1583 2521 scripsi.

96 2530 217 2591 landum
240 2540 269 2590 et
289 2535 510 2596 sustentandum
529 2552 621 2611 usqne
643 2537 680 2596 ad
705 2538 857 2597 sanitatem
883 2555 949 2598 cum
1028 2539 1124 2600 Guido
1146 2544 1282 2599 comesor
1301 2538 1451 2597 Ermelina
1477 2537 1624 2597 comitissa
1646 2538 1722 2597 banc
1738 2538 1846 2597 delini·

96 2619 211 2680 licentia
240 2623 345 2695 prioris
378 2625 501 2683 fraterna
539 2625 716 2700 benignitate
750 2628 898 2701 suscipiat,
922 2634 951 2688 et
992 2631 1100 2690 tionem
1114 2631 1191 2689 iuter
1211 2627 1419 2688 monasterium
1437 2633 1466 2688 et
1478 2641 1623 2699 eremum,
1638 2633 1667 2686 et
1690 2625 1846 2700 obligatio·

95 2712 223 2769 eremitae
248 2712 349 2772 iratres
377 2716 531 2775 monachos
550 2716 586 2775 de
604 2718 776 2777 monasterio
802 2718 951 2778 venientes
990 2734 1059 2778 nem
1069 2718 1194 2778 scribere
1210 2724 1393 2791 rogaverunt.

94 2815 155 2859 cnm
182 2801 300 2861 licentia
329 2803 440 2871 abbatis
471 2805 594 2865 libenter
623 2806 786 2867 admittant.
812 2806 895 2880 Quod
924 2810 950 2867 si

94 3000 1844 3045 w

281 3195 690 3349 ornauit
745 3146 827 3350 s
880 3202 1179 3350 nunni
1231 3199 1677 3349 enniani·

707 3497 753 3570 nt
780 3494 992 3585 abillonis
1020 3497 1231 3572 cltssnnl

400 3692 402 3698 ’
517 3711 837 3889 sonus
929 3714 1426 3831 sacenses

864 3983 1069 4030 consecretis

229 4183 616 4301 sunnonis
669 4186 751 4301 til
799 4182 1241 4303 Subututtu
1293 4178 1711 4299 sisibutus,

299 4566 653 4721 'caruerint
698 4629 1025 4718 sersaoni
1071 4620 1616 4714 nuncnrnnonrn.

123 5040 153 5099 S.
172 5039 211 5098 D.
230 5039 263 5097 N.
280 5039 371 5098 Panlo
385 5038 421 5112 V,
437 5041 565 5116 pontifici
583 5040 710 5101 maximo
725 5039 948 5101 Gonsrnnrtnes
966 5040 1146 5111 Germanus,
1161 5036 1322 5097 monachus
1333 5034 1565 5110 congregationis
1579 5034 1755 5107 (larinensis,
1770 5036 1849 5097 selu-

87 5135 142 5187 tem
157 5137 188 5188 et
206 5127 374 5188 felicitatem
388 5146 405 5188 a
419 5130 478 5189 Deo
492 5137 637 5206 precatur.

121 5219 196 5278 Exit
211 5219 244 5277 in
261 5220 366 5291 lucem,
380 5221 543 5280 beatissime
564 5223 655 5295 Pater,
672 5230 721 5283 tuo
739 5220 946 5297 augustissimo
965 5217 1084 5278 nomino
1103 5215 1269 5290 insignitus,
1285 5216 1412 5289 Operum
1424 5214 1458 5275 B.
1474 5215 1550 5275 Petri
1566 5211 1698 5273 namtani
1713 5211 1742 5272 S.
1759 5212 1795 5273 n.
1814 5212 1848 5275 Ε.

84 5308 261 5379 cardinalis,
278 5308 403 5384 episcopi
425 5310 574 5381 Ostiensis,
597 5318 665 5370 tom.
680 5311 719 5383 ll,
736 5326 769 5370 eo
788 5311 907 5386 quidem
932 5307 1057 5368 alacrius
1077 5311 1106 5364 et
1124 5303 1328 5374 confidentius,
1345 5304 1423 5378 quod
1446 5304 1574 5379 priorem
1593 5304 1655 5376 jam
1679 5300 1733 5360 scit
1754 5307 1851 5376 patro·

83 5399 155 5458 cinii
185 5398 234 5457 tui
259 5399 360 5473 cti-pao
389 5400 546 5472 munitum,
567 5400 598 5458 in
620 5400 756 5459 manibus
776 5398 940 5468 bominum,
956 5404 1043 5472 atque
1063 5394 1134 5453 adeo
1148 5395 1179 5452 in
1200 5409 1250 5452 ore
1271 5397 1299 5452 et
1318 5391 1510 5452 admiratione
1530 5390 1650 5450 versari.
1668 5389 1733 5451 Non
1750 5391 1803 5451 abs
1821 5406 1853 5450 re

83 5490 179 5561 igitur
200 5488 377 5562 posthumus
391 5488 439 5548 bic
456 5489 528 5549 alter
546 5487 720 5548 sanctissimi
736 5486 791 5546 viri
811 5486 958 5561 pertusio
978 5482 1086 5559 publici
1105 5480 1232 5557 parentis
1245 5480 1314 5540 sinu
1333 5480 1525 5540 domesticum
1544 5479 1601 5539 sibi
1620 5478 1743 5554 requirit
1760 5484 1789 5538 et
1809 5479 1852 5538 la·

82 5579 207 5640 miliare
227 5579 405 5653 perfugium.
432 5578 488 5638 Hic
512 5587 612 5639 autem
632 5580 705 5639 liber
723 5577 851 5638 continet
869 5582 1034 5636 sanctorum
1047 5589 1093 5633 res
1107 5574 1245 5648 praeclare
1258 5578 1362 5645 gestas,
1382 5571 1419 5630 ab
1436 5570 1537 5631 mdem
1551 5576 1610 5630 tam
1626 5569 1738 5630 sincero
1756 5569 1853 5629 tideli-
