4100 6209
87 395 141 455 tm
848 396 972 459 SERMO
991 395 1094 457 XLVI.
1792 395 1844 455 750

124 518 193 591 Sed,
207 519 233 577 si
258 518 378 578 niodum
397 519 479 579 laetae
503 523 538 581 ad
560 527 719 598 utrumque
746 521 1129 596 promissionisAporaliter
1154 520 1301 589 ducimus,
1330 533 1381 592 per
1405 524 1528 593 quatuor
1554 525 1681 593 tempora
1707 505 1845 595 volvitur,

86 609 217 669 studime
235 607 455 683 perpendimus,
471 626 528 669 non
539 611 618 680 isiae
642 628 730 671 eausa
748 611 840 671 David
858 612 949 671 luisse
990 614 1018 669 et
1033 608 1171 681 mundus,
1185 607 1215 667 in
1230 624 1288 683 quo
1308 606 1445 676 vivimus,
1460 613 1583 680 quatuor
1606 608 1675 666 irinc
1699 609 1766 668 inde
1784 626 1847 684 par-

88 700 277 776 praepositum
302 697 479 758 invenimus.
500 699 582 771 Quod
604 701 683 760 enim
708 701 833 760 Abrahae
859 700 948 760 semel
993 700 1072 758 tibus
1100 697 1282 757 terminatur.
1308 695 1370 758 Hoc
1396 695 1522 769 denique
1547 696 1661 770 Moyses
1687 699 1844 771 praeridit,

88 791 196 866 tegitur
223 790 314 849 tuisse
335 789 521 864 promissum,
543 792 597 851 hoc
619 791 713 851 David
737 794 880 868 frequenti
907 798 950 852 est
992 788 1136 850 hochias
1150 787 1307 847 intellexit:
1322 792 1442 860 uterque
1455 785 1846 861 enimquadragintadiebus

89 878 296 955 pollicitatione
323 878 482 937 tirmatum.
507 880 634 939 Abrahae
661 882 741 940 enim
768 881 950 941 solummodo
992 877 1139 937 continuis
1150 872 1305 950 jejunarit.
1322 873 1422 940 (hand.
1437 877 1605 940 raritati
1618 877 1684 943 lton
1698 881 1775 944 ιιι),
1793 875 1847 935 Re·

88 971 201 1030 dictum
224 975 290 1027 est:
309 991 321 1014 e
342 966 377 1026 ln
400 968 518 1027 semine
543 975 592 1029 tuo
618 969 825 1031 benedicentur
850 985 951 1030 omnes
992 968 1123 1042 demptor
1149 966 1235 1024 etiam
1264 971 1360 1022 noster
1388 964 1443 1021 hoc
1468 963 1545 1020 idem
1571 964 1717 1037 jejunium
1744 965 1847 1025 diebus

88 1064 199 1133 gentes.
230 1079 241 1107 ι
272 1055 365 1115 David
394 1071 463 1115 vero
492 1057 598 1116 Christi
627 1067 708 1133 pater
741 1058 799 1119 dici
833 1059 951 1134 speciali
992 1057 1110 1115 totidem
1129 1053 1308 1114 consecravit
1330 1053 1438 1123 (liuttb.
1462 1053 1514 1120 iv).
1533 1050 1609 1110 llinc
1632 1061 1674 1110 est
1692 1054 1767 1128 qnod
1792 1054 1847 1113 srlii

89 1143 306 1220 quodammodo
335 1142 488 1218 privilegio
510 1146 627 1216 meruit,
658 1148 709 1221 qui
734 1147 832 1222 plures
859 1148 953 1206 deco
992 1144 1224 1219 Israel,qniper
1242 1142 1388 1200 desertum
1412 1140 1539 1200 laborem
1557 1143 1627 1200 tanti
1648 1142 1761 1202 itineris
1781 1160 1846 1216 per-

90 1235 299 1314 promissiones
323 1234 453 1308 accepit;
480 1234 557 1296 sicut
583 1244 626 1295 est
661 1237 735 1298 illud
761 1238 791 1297 in
816 1237 950 1313 psalmo:
993 1236 1133 1305 tulerunt,
1147 1230 1632 1309 postquadragiutaannosterram
1648 1233 1846 1306 repromissio·

91 1350 105 1376 ι
127 1326 170 1384 lle
185 1324 280 1383 fructu
297 1324 406 1383 ventris
421 1325 463 1383 lui
476 1340 583 1399 ponam
599 1341 687 1399 super
700 1327 798 1386 sedem
816 1342 949 1386 meam·
994 1329 1041 1387 nis
1059 1325 1489 1393 intraruntllleut.1;los.x1).
1506 1321 1564 1380 Nos
1585 1322 1711 1397 denique
1733 1324 1846 1397 tratres,

90 1413 125 1472 ht
154 1414 292 1472 iterum:
321 1434 333 1463 e
365 1411 461 1470 Semel
494 1412 594 1487 juravi
622 1415 652 1473 in
690 1422 789 1474 sancto
818 1429 893 1486 meo,
928 1413 954 1474 si
994 1432 1048 1476 nus
1073 1414 1128 1472 srlii
1149 1413 1238 1473 Israel
1264 1430 1388 1486 sumus,
1417 1414 1469 1488 qui
1498 1414 1580 1487 prius
1606 1414 1734 1474 laborem
1760 1417 1848 1490 hujus

89 1500 183 1560 David
207 1501 348 1571 mentiar,
378 1516 477 1559 semen
507 1502 570 1576 ejus
598 1502 629 1561 in
657 1511 800 1562 aeternum
826 1503 954 1562 manebit
994 1519 1172 1565 erumnosae
1199 1503 1268 1563 ritae
1295 1504 1523 1579 perierimuset
1543 1504 1584 1562 sie
1605 1504 1724 1564 demum
1745 1513 1847 1564 terram

89 1581 189 1660 (Psoi.
205 1595 378 1658 cxxxviii).
411 1614 421 1639 ·
452 1589 488 1648 Et
513 1590 543 1647 in
571 1590 646 1650 libro
676 1591 813 1666 Regum,
840 1592 953 1651 Nathan
995 1591 1238 1669 repromissionis,
1263 1592 1292 1651 id
1321 1600 1373 1664 est,
1402 1592 1586 1651 stabilitatem
1615 1593 1698 1665 regni
1725 1592 1849 1651 coelestis

91 1681 231 1755 propheta
273 1682 304 1739 in
351 1680 461 1756 Spiritu
502 1689 601 1743 sancto
643 1683 679 1742 ad
727 1683 818 1743 David
858 1683 954 1759 loqui·
995 1685 1149 1743 intramus.
1166 1682 1242 1740 Hinc
1256 1689 1298 1742 est
1310 1683 1398 1742 etiam
1416 1683 1494 1757 quod
1509 1681 1607 1752 Jonas,
1622 1683 1673 1755 oui
1691 1697 1727 1740 ex
1750 1682 1849 1741 divina

92 1779 167 1842 tur,
193 1770 293 1830 dicens
325 1789 333 1828 z
364 1792 378 1825 α
410 1770 483 1831 Cum
524 1772 678 1833 dormieris
719 1790 787 1836 cum
824 1774 955 1849 patribus
994 1771 1124 1846 jussione
1147 1770 1183 1829 ad
1212 1770 1338 1829 Niniven
1363 1771 1498 1840 mittitur,
1524 1770 1678 1829 imminere
1701 1769 1757 1828 sibi
1786 1778 1850 1845 post

92 1859 169 1930 tuis,
199 1857 343 1919 suscitabo
369 1875 467 1919 semen
494 1866 594 1933 tuum,
622 1862 699 1936 quod
728 1862 892 1938 egredietur
918 1860 1186 1946 degquadraginta
1212 1859 1275 1919 dies
1299 1860 1448 1919 escidium
1471 1860 1677 1922 comminatur.
1706 1861 1850 1930 «Adbuc,

91 1946 204 2006 lumbis
221 1948 286 2018 tuis,
303 1955 331 2006 et
353 1947 415 2021 ipse
438 1949 492 2007 erit
509 1949 582 2008 mibi
601 1950 632 2009 in
651 1950 758 2022 lilium,
786 1958 814 2010 et
832 1967 885 2026 ego
904 1966 953 2011 ero
997 1950 1118 2025 inquit,
1145 1949 1334 2023 quadraginta
1360 1949 1445 2020 dies,
1470 1958 1498 2009 et
1529 1949 1635 2008 Ninive
1666 1950 1852 2009 subvertetur

91 2036 120 2095 ei
140 2036 171 2094 in
194 2042 304 2110 patrem
318 2040 359 2106 (ll
382 2040 449 2106 lien.
467 2042 530 2108 ιιι).
545 2062 558 2090 ι
573 2037 647 2098 lure
667 2054 735 2112 ergo
750 2039 842 2100 David
860 2041 954 2100 ltbra-
997 2043 1069 2107 (lon.
1086 2044 1140 2108 ιιι).
1163 2060 1174 2089 ι
1193 2036 1285 2110 Quod,
1312 2037 1381 2114 quia
1403 2044 1471 2096 tunc
1496 2054 1556 2097 non
1584 2037 1691 2112 legitur
1718 2038 1853 2097 historia·

92 2124 141 2183 hae
163 2123 193 2183 in
215 2122 320 2182 Christi
346 2126 529 2199 generatione
555 2128 784 2201 praetorianam
813 2128 954 2204 multipli·
996 2127 1063 2186 liter
1086 2129 1204 2197 lactum,
1221 2133 1403 2201 exspectatur
1424 2127 1521 2186 adhuc
1547 2127 1736 2200 spiritualiter
1763 2128 1853 2185 adim-

92 2214 154 2271 cior
177 2227 211 2270 ac
230 2227 280 2286 per
298 2213 352 2272 boc
375 2214 495 2274 omnino
517 2215 678 2276 immobilis
702 2217 854 2291 promissio
879 2234 954 2293 prae·
997 2216 1146 2292 plendum.
1163 2216 1218 2274 Per
1233 2215 1357 2274 Niniren
1373 2217 1479 2291 quippe
1498 2218 1626 2275 mundus
1650 2219 1703 2275 iste
1719 2217 1855 2290 designa-

97 2308 228 2376 rogatur.
780 2318 784 2327 ·
998 2312 1054 2375 tur,
1073 2321 1125 2379 per
1148 2303 1340 2378 quadraginta
1364 2319 1434 2378 ergo
1456 2304 1529 2376 dies,
1546 2305 1644 2364 omnis
1669 2313 1760 2364 status
1786 2305 1854 2363 vitra

131 2390 211 2450 Illud
232 2407 300 2450 vero
322 2393 463 2466 quosdam
488 2409 604 2454 movere
633 2412 692 2455 non
719 2397 957 2457 irrationabiliter
999 2394 1149 2470 prasentia
1187 2395 1335 2453 innuitur.
1367 2394 1434 2454 Post
1468 2394 1660 2470 quadraginta
1693 2411 1761 2468 ergo
1793 2395 1855 2454 dies

95 2485 200 2551 potest,
212 2495 265 2540 cur
275 2489 391 2541 sanctus
403 2485 580 2556 evangelista
593 2485 836 2559 reprehensibiles
851 2486 958 2546 solum·
998 2485 1105 2544 Ninive
1126 2484 1319 2555 subvertetur,
1342 2485 1412 2559 quia
1439 2493 1502 2559 post
1523 2487 1612 2560 hujus
1639 2485 1769 2545 mortalis
1788 2486 1856 2544 niteo

96 2570 184 2628 modo
212 2569 351 2630 mulieres
380 2573 411 2631 in
441 2572 547 2633 Christi
575 2575 742 2649 genealogia
772 2575 957 2650 interponere
998 2575 1173 2642 decursum,
1196 2573 1337 2647 completo
1367 2573 1500 2633 videlicet
1526 2574 1684 2633 electorum
1712 2589 1857 2642 numero,

99 2658 235 2731 studuit3
254 2669 367 2721 sanctas
385 2678 453 2722 vero
471 2670 498 2722 et
521 2664 631 2740 absque
651 2666 712 2726 ulla
731 2667 957 2728 contradictione
999 2664 1129 2725 mundus
1149 2665 1202 2723 iste
1230 2662 1404 2723 destruetur.
1427 2663 1482 2723 Per
1511 2665 1764 2738 septuagenarium
1790 2680 1857 2723 vero

98 2746 260 2806 laudabiles
272 2749 387 2810 silentio
402 2751 585 2826 praeterivit‘t
1000 2767 1168 2824 numerum,
1186 2768 1273 2828 quem
1292 2751 1384 2811 Lucas
1402 2754 1507 2826 posuit,
1524 2753 1655 2812 remissio
1676 2761 1857 2827 peccalorum

134 2834 194 2897 Sed
219 2837 274 2897 hoc
291 2838 401 2899 idcirco
423 2840 530 2900 factum
554 2848 661 2915 estut,
685 2843 756 2902 dum
785 2844 959 2919 Redemptor
1000 2841 1185 2918 exprimitur.
1202 2841 1283 2900 Sicut
1307 2841 1368 2914 ipse
1392 2841 1536 2900 Dominus
1550 2840 1581 2898 in
1595 2841 1755 2916 Evangelio
1772 2849 1858 2901 testa-

98 2932 198 2985 noater
216 2926 252 2985 de
276 2928 473 3000 peccatoribus
501 2935 586 2990 natus
613 2947 675 2990 esse
703 2932 886 3003 describitur,
908 2950 959 3008 pru
1002 2940 1058 2993 tur.
1075 2933 1148 2990 Cum
1173 2931 1252 2989 enim
1279 2932 1379 2991 Petrus
1403 2934 1603 3004 interrogaret,
1624 2932 1747 2990 dicens:
1773 2955 1786 2984 e
1806 2931 1860 2989 llo·

97 3014 296 3089 peecatoribus
320 3016 356 3077 de
377 3017 450 3077 coelo
471 3019 507 3078 ad
532 3028 636 3079 terram
655 3020 837 3083 descendisse
859 3024 959 3083 creda·
1001 3021 1092 3092 mine,
1107 3019 1221 3094 gunnes
1234 3019 1394 3093 peccauerit
1408 3018 1439 3077 in
1455 3035 1501 3078 me
1513 3019 1602 3078 trater
1616 3036 1708 3090 meus,
1723 3027 1751 3078 et
1764 3020 1861 3079 dimit·

100 3108 159 3161 tur.
181 3103 334 3164 Descendit
360 3104 467 3181 quippe
485 3112 519 3166 ut
543 3115 655 3181 peccata
684 3120 781 3170 nostra
806 3113 867 3186 ipse
892 3129 960 3188 por·
1002 3109 1246 3183 amariusque
1277 3110 1408 3184 septies?
1435 3133 1449 3164 r
1474 3110 1654 3185 Respondit:
1672 3112 1765 3170 «Non
1796 3113 1861 3171 dico

100 3196 192 3262 taret;
214 3190 343 3251 ascendit
370 3197 447 3266 nero,
474 3203 506 3254 ut
529 3195 689 3256 divinitatis
712 3213 773 3258 suas
793 3216 846 3260 nos
871 3201 960 3275 parti·
1004 3200 1056 3259 tibi
1083 3217 1177 3275 usque
1203 3202 1330 3275 septies,
1358 3201 1408 3260 sed
1437 3218 1530 3275 usque
1561 3203 1724 3276 septuagies
1757 3205 1862 3278 septies

99 3278 178 3352 cipes
206 3279 332 3352 taceret3
356 3281 431 3341 sicut
457 3298 509 3356 per
532 3285 701 3357 Apostolum
730 3285 859 3347 dicitur:
879 3289 962 3359 «Qui
1006 3291 1258 3363 thatthaeus.»
1283 3291 1416 3362 Congrue
1431 3298 1528 3347 autern
1542 3306 1594 3363 per
1608 3293 1860 3364 septuagenarium

100 3373 236 3427 mortuus
262 3375 306 3428 est
330 3376 446 3444 propter
474 3378 589 3446 peccata
616 3381 724 3446 nostra,
750 3383 779 3434 et
803 3379 964 3436 resurrexit
1005 3392 1162 3436 numerum
1189 3384 1369 3450 peccatorum
1396 3375 1529 3436 remissio
1550 3377 1729 3450 designatur,
1747 3382 1799 3454 qui
1824 3384 1861 3442 ab

98 3467 217 3533 propter
236 3460 473 3534 justificationem
501 3470 629 3523 nostram
657 3469 744 3534 (Rom.
773 3471 825 3540 ιν).
843 3489 857 3522 o
887 3468 964 3527 Hinc
1007 3463 1170 3525 undenario
1191 3471 1219 3521 et
1241 3464 1403 3538 septenario
1418 3465 1555 3524 nascitur.
1570 3466 1711 3526 Undecim
1736 3484 1862 3543 namque

100 3553 143 3604 est
166 3546 248 3605 enim
271 3547 349 3621 quod
370 3548 525 3609 blatthaeus
545 3551 746 3612 descendendo
764 3554 962 3627 perSalomo-
1005 3551 1030 3611 si
1067 3551 1171 3624 septies
1208 3550 1463 3627 multiplicentur,
1489 3554 1671 3628 septuaginta
1697 3562 1726 3614 et
1754 3565 1862 3632 septeni

105 3649 185 3704 nem,
207 3635 293 3709 cujus
314 3645 435 3696 matrem
457 3639 685 3714 concupiscendo
709 3641 802 3702 David
824 3648 963 3724 peccarit,
1006 3657 1163 3702 numerum
1185 3640 1305 3700 iaciunt.
1336 3642 1480 3701 Renanus
1504 3651 1602 3702 autern
1625 3661 1766 3705 numerus
1797 3665 1863 3720 per·

102 3724 296 3799 quadraginta
336 3729 535 3802 generationes
576 3739 760 3801 enumerat,
780 3730 854 3789 232
896 3752 963 3796 cnm
1007 3733 1173 3791 lectusesse
1190 3731 1379 3805 dignoscitur,
1395 3747 1446 3805 per
1462 3748 1549 3805 quem
1565 3733 1766 3807 etllecalogus
1785 3736 1862 3795 desi·

104 3814 200 3874 Lucas
224 3815 405 3876 ascendendo
431 3834 481 3893 per
507 3820 632 3893 Nathan,
651 3837 702 3896 per
728 3825 813 3899 cujus
836 3825 965 3884 nominis
1005 3828 1121 3894 gnatur.
1141 3818 1197 3878 Sed
1216 3819 1241 3877 si
1256 3818 1394 3879 denarius
1419 3825 1462 3878 est
1485 3821 1638 3894 perlectus,
1654 3829 1740 3882 restat
1763 3840 1862 3886 neces·

102 3910 275 3985 prophetam
296 3920 443 3987 peccatum
467 3913 559 3973 David
585 3914 728 3975 Dominus
752 3917 892 3991 expiavit,
918 3933 965 3978 so·
1006 3912 1082 3970 sario
1096 3916 1128 3970 ut
1145 3909 1327 3970 undenarius
1339 3911 1376 3969 sit
1391 3911 1588 3984 imperfectus.

104 4000 257 4074 ptuaginta
283 4007 311 4059 et
341 4010 449 4075 septem
487 4005 688 4077 generationes
726 4006 879 4064 describat.
910 4006 965 4066 Per
1042 4000 1117 4071 Quid
1134 4007 1289 4059 cstautem
1304 4007 1463 4073 peccatum.
1481 3999 1537 4057 nisi
1558 4001 1746 4074 transgressio
1765 4002 1862 4077 legis?

104 4087 276 4149 Rahhaeum
297 4091 403 4166 quippe
425 4091 555 4166 signatur
580 4093 651 4166 quia
675 4092 781 4153 idcirco
799 4094 850 4152 Dei
872 4094 965 4155 Filius
1008 4088 1039 4150 Si
1055 4105 1123 4163 ergo
1144 4105 1194 4163 per
1215 4088 1369 4147 denarium
1391 4088 1439 4146 lex
1459 4088 1643 4162 intelligitur,
1657 4100 1795 4166 recteper
1808 4109 1863 4152 un·

105 4177 143 4236 ad
165 4191 220 4237 nos
232 4185 396 4253 peccatores
424 4179 628 4256 descendit,ut
652 4182 833 4243 mortalitatis
860 4191 966 4244 nostra
1006 4180 1159 4239 denarium
1186 4178 1257 4252 legis
1280 4179 1468 4253 transgressio
1497 4179 1649 4253 liguratur.
1665 4177 1738 4236 233
1763 4182 1863 4257 Septe-
1959 4231 1963 4240 .

104 4267 252 4342 particeps
277 4265 378 4339 heret;
408 4285 458 4344 per
485 4269 595 4330 Lucam
623 4286 692 4330 rero
727 4272 863 4333 innuitur
896 4274 966 4351 quia
1007 4271 1089 4331 nario
1117 4286 1184 4328 nero
1211 4284 1333 4328 rrumero
1359 4276 1415 4328 tota
1441 4271 1542 4330 saeculi
1567 4271 1657 4345 hujus
1687 4272 1863 4333 universitas

104 4356 214 4415 idcirco
234 4361 299 4430 post
322 4359 562 4418 resurrectionem
576 4358 612 4418 ad
632 4360 746 4420 Patrem
760 4364 912 4434 ascendit,
934 4370 966 4422 ut
1006 4360 1183 4430 continetur,
1198 4359 1268 4432 quia
1282 4363 1392 4431 septem
1404 4357 1509 4416 diebus
1522 4359 1619 4417 omnis
1638 4361 1778 4420 decursus
1797 4365 1863 4421 ritae

104 4458 159 4502 nos
190 4442 354 4520 diuinitatis
384 4461 445 4506 suas
475 4452 621 4505 consortes
645 4447 780 4508 efficeret.
809 4449 889 4508 Sicut
916 4465 966 4524 per
1007 4450 1160 4524 praesentis
1184 4447 1338 4506 evolvitur.
1367 4446 1421 4504 Per
1447 4446 1644 4505 undenarium
1667 4465 1735 4520 ergo
1758 4451 1864 4523 septies

102 4535 258 4609 egregium
290 4535 509 4608 praedicatorem
539 4536 646 4598 dicitur
676 4557 683 4597 :
713 4562 726 4589 a
756 4537 838 4609 Quod
868 4545 963 4598 autem
977 4537 1237 4645 Dmultiplicatum
1259 4541 1361 4594 cuneta
1384 4543 1480 4592 nostra
1501 4542 1614 4607 [serrata
1631 4536 1666 4592 ad
1685 4538 1863 4610 septuagesi-

103 4624 249 4694 asrendit,
271 4624 342 4698 quid
365 4630 417 4697 est,
437 4625 495 4684 nisi
518 4625 589 4700 quia
610 4626 759 4685 descendit
782 4627 911 4701 primum
931 4628 964 4686 iu
1010 4640 1092 4685 roam
1110 4624 1266 4697 septimum
1285 4621 1471 4680 deducuntur
1491 4638 1659 4690 nnmerum,
1680 4624 1709 4679 in
1724 4639 1863 4698 querere

105 4710 265 4771 interiores
286 4720 380 4788 partes
403 4715 511 4775 terrae?
526 4714 581 4785 Qui
607 4715 754 4776 descendit
777 4717 837 4792 ipse
859 4726 910 4789 est,
938 4725 966 4778 et
1009 4714 1143 4775 omnium
1169 4715 1201 4772 lit
1222 4711 1354 4771 remissio
1376 4719 1567 4787 peccatorum.
1593 4713 1674 4772 Unde
1689 4715 1863 4786 elegantera

104 4804 159 4876 nui
177 4803 311 4862 ascendit
332 4819 420 4879 super
442 4821 543 4865 omnes
559 4807 657 4878 coelus,
671 4814 704 4868 ut
715 4808 886 4883 adimpleret
902 4825 965 4868 om·
1009 4806 1116 4866 Christi
1138 4805 1278 4880 baptismo
1298 4806 1359 4863 ilaec
1384 4804 1544 4863 secundnm
1571 4803 1680 4862 Lucam
1703 4807 1791 4864 series
1816 4809 1863 4864 in·

105 4891 370 4964 nia(13pltes.1v).
406 4914 418 4946 ι
445 4893 500 4952 Per
526 4909 681 4955 numerum
713 4911 849 4971 namque,
878 4912 967 4974 quem
1010 4898 1188 4968 choatur‚et
1211 4895 1240 4953 in
1272 4894 1324 4952 Dei
1346 4892 1437 4952 Patris
1458 4892 1861 4967 personaliniturlhno.1ul.

103 4977 266 5038 Matthaeus
285 4979 409 5051 ordinat,
439 4980 583 5055 susceptio
621 4989 727 5042 nostrae
760 4982 964 5055 mortalitatis;
1010 4986 1045 5045 In
1061 4985 1200 5059 baptismo
1215 4983 1293 5042 enim
1310 4981 1415 5040 Christi
1433 4980 1566 5039 omniurn
1583 4981 1666 5040 nobis
1683 4993 1863 5055 peccatorum

103 5083 159 5143 per
173 5067 264 5127 illum
278 5084 358 5140 nero,
372 5085 460 5145 quem
480 5071 574 5130 Lucas
593 5071 697 5143 posuit,
713 5072 852 5132 humanm
869 5073 968 5148 expri-
1011 5073 1143 5133 remissio
1168 5071 1301 5145 provenit
1321 5086 1371 5143 per
1388 5068 1529 5143 Spiritum
1545 5076 1688 5141 sanctum,
1709 5072 1760 5144 spui
1780 5088 1865 5145 super

105 5158 205 5217 mitur
230 5155 348 5217 abolitio
375 5160 534 5233 pravitatis,
566 5158 817 5234 Quadragenarius
843 5162 922 5221 enim
951 5179 968 5221 a
1011 5162 1185 5235 baptizatum
1214 5159 1370 5217 hominurn
1392 5158 1423 5216 in
1442 5158 1535 5230 specie
1557 5158 1866 5217 columbmdescendit

104 5250 308 5325 quaternario,
326 5256 354 5309 et
371 5250 492 5310 denario
507 5254 651 5322 nascitur;
669 5252 731 5327 ipse
750 5268 866 5327 quoque
878 5255 969 5313 dena·
1012 5252 1123 5321 (blattis.
1146 5251 1197 5320 tn).
1221 5249 1279 5316 Sic,
1299 5248 1340 5305 sie
1369 5263 1419 5320 per
1433 5246 1581 5305 Christum
1609 5249 1758 5322 redempti,
1774 5256 1801 5306 ct
1817 5266 1867 5322 per

104 5341 172 5400 nus
197 5342 418 5415 aquaternario
436 5342 592 5402 derivatur.
614 5343 695 5402 Unus
710 5359 845 5416 namque,
861 5344 967 5414 etdno,
1014 5338 1140 5413 Spiritus
1166 5338 1257 5396 sancti
1284 5336 1404 5411 gratiam
1433 5335 1537 5406 abluti,
1560 5336 1781 5395 reconciliantur
1810 5339 1868 5398 lleo
1949 5398 1954 5407 ,

105 5437 136 5490 et
154 5437 228 5499 tres,
244 5435 273 5487 et
291 5438 427 5503 quatuor,
441 5432 534 5491 auctis
552 5447 666 5507 semper
682 5432 863 5502 monadibus,
880 5433 910 5491 in
925 5431 971 5490 de
1014 5425 1194 5497 coarsuros
1217 5427 1369 5500 utriusque
1386 5425 1569 5498 evangelistae
1588 5442 1691 5486 sensus
1709 5427 1742 5486 B.
1759 5426 1869 5489 Paulus

107 5519 234 5579 uanum
247 5526 390 5581 crescunt.
1015 5536 1074 5580 una
1098 5518 1241 5577 sententia
1267 5514 1494 5590 comprehendit,
1523 5515 1644 5575 dicens:
1663 5541 1673 5563 ·
1691 5516 1769 5575 hlisit
1793 5517 1869 5576 heus

144 5610 208 5671 Per
221 5611 485 5686 quadragenarium
505 5627 573 5687 ergo
592 5627 747 5672 numerum
767 5612 821 5671 hoc
843 5625 972 5687 praesens
1015 5606 1127 5667 Filium
1141 5621 1229 5666 snum
1244 5603 1275 5663 iu
1295 5604 1517 5666 similitudinem
1544 5605 1641 5666 carnis
1664 5605 1821 5681 peccati,et
1834 5606 1869 5664 de

104 5701 259 5765 mutum
277 5702 453 5778 designatur,
472 5702 543 5779 quia
560 5709 589 5763 et
602 5717 699 5763 annus
717 5701 781 5776 iste,
794 5716 882 5777 quem
896 5706 972 5760 mm·
1015 5706 1130 5773 peccato
1158 5696 1309 5757 damnavit
1333 5702 1483 5771 peecatum
1504 5696 1536 5756 in
1558 5713 1644 5757 carne
1668 5701 1755 5771 luem.
1781 5697 1869 5769 ixl»
