4100 6209
193 316 265 386 ΜΒ
424 322 455 384 S.
475 318 587 382 Putat
605 319 767 381 nautam
787 316 867 381 OPP.
887 318 984 380 PARS
1006 312 1077 379 Sili]
1096 315 1223 381 TOMUS
1240 310 1279 381 Π.
1299 351 1335 365 -
1353 318 1582 382 surdaonum
1601 316 1715 382 VITAE.
1880 316 1951 387 loct
2030 344 2031 357 ι

191 445 348 508 bomualdi
372 445 513 507 seculum
536 443 625 517 quod,
641 444 696 503 etsi
719 448 862 504 tormenta
885 443 1170 518 pemmuuprss
1186 445 1277 520 ejecit.
1297 442 1354 505 Ubi
1375 444 1421 503 vir
1434 449 1551 504 muetos
1569 448 1679 519 quanm
1694 444 1816 506 adversa
1833 458 1950 523 perpes-

190 551 258 598 rum
282 550 341 595 nen
367 541 494 603 noverat,
516 540 675 608 spontanee
699 541 794 593 umen
820 535 960 608 martyrio
988 547 1049 592 non
1089 533 1290 603 suscianus
1317 534 1414 594 solum
1437 533 1475 592 ab
1504 548 1539 592 ee
1563 533 1616 608 qni
1638 533 1747 608 eiectus
1772 535 1878 609 tuerat,
1901 537 1951 597 sed

189 625 326 685 carebatl
355 625 497 693 Aureum,
526 623 658 697 inquam,
687 622 841 695 saeculum,
869 622 948 697 quod
973 622 1051 680 inter
1089 620 1175 680 etiam
1195 620 1233 679 ab
1252 620 1304 681 illo
1322 637 1409 697 quem
1433 622 1496 697 ipse
1518 638 1557 693 ex
1575 623 1638 682 suis
1649 622 1802 698 discipulis
1816 625 1950 686 abbatem

191 713 359 782 mentium,
375 710 516 769 silvarum
538 710 614 769 ieras
645 716 686 770 tet
713 710 839 769 eoelastis
865 709 1049 769 Hierusalem
1072 709 1286 782 -constituerat,
1306 711 1356 770 illc
1379 711 1499 787 quidem
1525 710 1651 785 perferre
1673 711 1951 787 patientissimepe-

190 805 269 865 m'ves
280 802 384 861 alebat
403 800 477 860 Cum
491 816 560 860 vero
574 800 617 860 ibi
631 802 734 860 iratres
745 802 807 874 jam
821 801 895 859 tanti
908 806 1003 859 essent
1016 805 1051 860 ut
1090 795 1153 865 tuit,
1169 812 1223 857 nos
1238 798 1354 871 referre,
1369 798 1483 859 etiamsi
1501 799 1614 858 adesset
1628 798 1778 871 benedis,
1794 806 1855 861 nnn
1871 802 1952 862 vale·

189 908 296 955 omnes
312 892 374 953 illic
389 891 519 951 babiure
543 891 596 949 vix
610 897 737 965 possent,
764 898 832 951 tune
855 891 1047 965 Romualdus,
1089 900 1164 945 mus.
1181 885 1237 946 bed
1255 886 1381 961 qualiter
1398 887 1484 947 illum
1508 887 1586 948 Deus
1605 887 1635 947 in
1655 888 1770 948 cunctis
1793 888 1949 964 adjuverit,

81 1032 83 1041 ,
190 979 365 1043 manasterio
383 980 423 1040 ibi
438 985 601 1039 condrusto
620 987 649 1038 et
667 979 770 1039 abbate
783 980 946 1056 preposito,
957 980 1051 1039 invio·
1088 988 1149 1032 uno
1163 974 1298 1048 exemplo
1312 981 1472 1034 mensuare
1481 975 1616 1047 suffidat,
1629 982 1663 1035 ut
1676 975 1815 1049 prudenti
1827 977 1949 1038 cuilibet

189 1071 281 1131 latum
307 1085 427 1130 servans
449 1068 601 1128 silentium
627 1068 780 1128 bifurcum
802 1070 917 1128 masat
939 1067 977 1126 ad
997 1068 1049 1126 lra-
1087 1060 1159 1136 quid
1172 1062 1259 1121 edam
1272 1062 1304 1120 in
1318 1062 1440 1137 reliquis
1458 1063 1587 1123 evenerit
1600 1063 1773 1124 innotescat.

188 1158 353 1221 uitandum.
375 1158 440 1218 illic
467 1158 547 1217 enim
572 1157 674 1217 volens
699 1156 835 1216 abbatem
859 1156 1050 1231 spiritualiter
1398 1172 1523 1233 cpppq·
1538 1172 1640 1234 [χιιι

190 1248 299 1318 rivom
313 1245 535 1309 arenarius
548 1247 637 1305 vrum
651 1244 726 1316 (323)
741 1250 851 1317 tenes,
870 1245 997 1311 nurum
1011 1244 1052 1307 ab
1087 1266 1126 1319 ue
1151 1264 1291 1329 moneto,
1321 1280 1400 1335 quen
1425 1266 1553 1322 aracaeus
1581 1269 1757 1336 recuperare
1784 1272 1878 1341 capre
1903 1270 1951 1327 reo

188 1353 339 1415 eopassus
352 1344 394 1398 eet
405 1334 615 1412 persecutionis
629 1336 779 1410 injuriam.
1363 1337 1532 1394 semaam
1560 1340 1673 1410 eripuit.

504 1440 628 1503 qppqp
649 1441 737 1502 LXV,
1121 1422 1283 1484 Monachus
1306 1423 1427 1500 quidam
1460 1440 1566 1485 vasam
1589 1426 1729 1487 adversus
1754 1442 1824 1488 eum
1850 1428 1952 1492 lurore

186 1538 383 1611 spensa
401 1534 548 1592 senaar
571 1537 597 1588 a
616 1533 750 1604 certeque
769 1534 830 1602 eje
849 1549 910 1589 eom
931 1536 1048 1591 nense
1087 1525 1253 1583 serene,
1267 1512 1361 1586 nilum
1387 1512 1460 1587 (326)
1480 1514 1601 1573 rarenter
1623 1516 1753 1590 exacuit
1772 1522 1801 1576 a
1815 1532 1885 1578 eum
1904 1532 1952 1579 re·

581 1619 654 1673 reqe.
1087 1615 1209 1676 ponens,
1236 1606 1269 1662 nt
1299 1601 1417 1662 beatum
1445 1602 1543 1662 virum
1570 1603 1752 1677 interficeret,
1778 1614 1951 1684 exspectare

225 1697 339 1757 interea
352 1696 506 1769 imperator
524 1691 668 1752 Henricus
683 1691 720 1751 de
736 1691 960 1754 ultramontanis
979 1711 1048 1770 par·
1087 1692 1209 1766 congrui
1222 1693 1403 1752 scansionem
1426 1695 1563 1768 temperis
1575 1695 1672 1771 coepit.
1689 1695 1777 1757 Nocte
1791 1714 1863 1760 vero
1875 1700 1946 1761 dum

189 1791 269 1852 dbua
295 1789 326 1847 in
346 1784 460 1845 Iuliam
480 1784 554 1855 (iil)
574 1783 707 1855 veniens,
723 1783 804 1842 misit
818 1783 899 1843 basto
912 1785 976 1843 viro
993 1784 1077 1858 (ιε-Β
1089 1780 1241 1855 depressus
1256 1793 1357 1855 sopore
1370 1782 1539 1856 quiesceret,
1551 1798 1616 1843 ecce
1627 1783 1706 1843 videt
1718 1785 1882 1862 malignum
1894 1788 1952 1864 spi·

186 1875 376 1953 materiam
397 1873 578 1948 legationem,
595 1878 629 1931 ut
650 1871 688 1930 ed
703 1885 774 1930 eum
792 1871 894 1930 venire
911 1870 1049 1946 dignare-
1092 1870 1180 1930 ritum
1193 1870 1225 1928 in
1241 1884 1272 1929 se
1284 1869 1452 1931 immaniter
1471 1872 1642 1946 irruentem,
1656 1872 1707 1949 qui
1722 1859 1857 1937 retdrtam
1872 1876 1951 1951 (327)

184 1975 247 2038 tur,
259 1963 432 2040 premittens
447 1975 479 2020 se
498 1961 644 2021 lemurum
668 1973 854 2034 quaecunque
869 1959 1051 2035 preciperet,
1090 1957 1124 2018 in
1148 1956 1257 2017 cellum
1281 1957 1345 2031 ejus
1371 1960 1512 2031 mittens,
1541 1967 1618 2020 tanta
1650 1962 1797 2024 ferocitate
1821 1966 1948 2027 mnam-

188 2055 317 2115 usuum
330 2051 358 2111 ei
369 2050 549 2127 colloquium
563 2064 623 2109 non
634 2055 762 2123 negaret.
778 2049 912 2123 cumque
925 2063 1048 2109 venera·
1090 2052 1139 2106 tur
1162 2050 1263 2120 guttur
1294 2045 1357 2119 ejus
1384 2047 1544 2122 astringere
1574 2056 1607 2108 ut
1632 2050 1694 2124 jam
1720 2051 1771 2111 ille
1798 2062 1949 2128 cogeretur

186 2146 257 2208 bilis
271 2144 318 2204 vir
329 2157 449 2219 prorsus
462 2141 607 2201 abnueret
623 2140 773 2201 utendum
790 2140 934 2214 frangere,
951 2156 1048 2216 eoepa-
1090 2132 1226 2193 iunditus
1241 2133 1386 2208 expirare.
1403 2135 1486 2196 Tunc
1510 2137 1672 2198 monachus
1690 2139 1722 2198 in
1743 2146 1877 2203 extreme
1886 2145 1946 2219 jam

123 2270 128 2277 .
187 2242 256 2296 mr
281 2247 383 2294 ms
412 2229 547 2304 praepeti
575 2229 756 2289 unanimiter·
778 2228 862 2288 iilum
886 2229 1046 2302 obrem,
1090 2220 1193 2297 spiritu
1212 2222 1332 2297 pesitus,
1347 2223 1546 2285 Romualdum
1565 2232 1597 2285 ut
1620 2225 1676 2284 eibi
1690 2234 1874 2289 auocaueret
1895 2228 1951 2290 cb·

186 2324 314 2384 dicmur
326 2342 335 2381 r
349 2321 494 2395 Magister,
514 2318 597 2378 vides
617 2317 687 2392 quia
705 2330 759 2376 nos
774 2316 826 2391 qni
841 2323 868 2375 te
883 2321 1047 2391 sequimur,
1090 2312 1222 2372 saeravit.
1234 2312 1300 2384 Qoi,
1314 2318 1348 2373 ut
1361 2315 1504 2374 monactro
1522 2314 1684 2387 videbatur,
1704 2318 1838 2391 protinus
1854 2318 1948 2378 advo·

163 2446 165 2451 .
187 2415 259 2476 tanti
270 2414 332 2491 jem
344 2426 447 2473 munus
465 2411 542 2488 quod
558 2408 607 2469 lvio
620 2414 814 2482 congruenter
833 2407 965 2467 nabitare
986 2425 1046 2469 non
1089 2399 1164 2473 bns,
1173 2400 1212 2460 de
1224 2401 1360 2461 manibus
1371 2417 1440 2462 eum
1451 2402 1545 2479 iniqui
1557 2403 1648 2462 bosus
1657 2404 1775 2478 eripuit.
1792 2405 1848 2465 lltc
1856 2407 1950 2481 igitur·

185 2514 366 2581 possumus;-
384 2497 463 2560 vade
481 2514 560 2574 erge,
579 2498 606 2557 si
629 2496 731 2571 placet,
751 2503 781 2556 et
794 2497 962 2571 imperatori
986 2512 1046 2557 me
1090 2505 1159 2552 max
1181 2498 1367 2566 experrectus
1389 2494 1426 2553 ad
1452 2494 1539 2569 pedes
1562 2495 1737 2557 venerabilis
1751 2497 1949 2573 imposer-

186 2604 278 2669 gnum
294 2587 637 2665 aliquodmonssteriom
652 2601 762 2662 quare,
777 2592 806 2645 et
823 2586 1045 2647 multitudinem
1089 2588 1137 2642 tus
1147 2581 1325 2654 advolvitur,
1342 2592 1377 2643 ut
1388 2583 1552 2645 allisionem
1566 2586 1688 2647 oervids
1704 2588 1826 2663 aspiciat
1842 2588 1947 2667 depre-

185 2690 214 2742 te
237 2679 425 2756 ementium
450 2677 494 2740 ibi
520 2676 676 2758 consume.
704 2674 821 2746 eurus
845 2676 892 2735 vir
916 2682 1043 2748 mustus,
1087 2676 1184 2744 catur3
1197 2672 1328 2732 confiteri
1350 2673 1436 2733 ettam
1460 2674 1573 2735 crimen
1594 2688 1656 2734 suns
1680 2675 1799 2737 matidis
1816 2692 1877 2738 non
1895 2694 1947 2740 ve·

184 2771 283 2830 amolo
307 2770 333 2828 sl
357 2772 473 2839 accepta
492 2766 555 2840 jem
580 2763 764 2834 revelatione,
793 2769 845 2822 aut
866 2763 964 2823 subita
991 2763 1044 2824 Ilei
1088 2767 1178 2821 retur.
1194 2760 1341 2822 Postremo
1363 2771 1540 2825 conmrvatae
1554 2764 1623 2829 vita
1637 2765 1693 2825 sibi
1706 2768 1813 2841 pratus
1834 2769 1946 2844 retulit,

183 2857 380 2933 inspiratione·
395 2854 520 2913 tldentar
544 2851 681 2925 scripsit:
702 2850 810 2911 Scitote
838 2852 911 2927 qnia
936 2852 1044 2915 mentis
1086 2854 1115 2908 et
1152 2850 1353 2925 paenitentiam
1386 2851 1457 2912 tanti
1490 2861 1586 2912 reatus
1619 2852 1736 2931 accepit.
1766 2853 1803 2914 Ει
1828 2857 1871 2917 ita
1892 2860 1947 2933 qni

184 2945 294 3007 luisti
311 2941 517 3004 monasterium
533 2954 573 2998 ex
588 2939 666 2999 douo
685 2939 762 3011 regu
777 2938 938 3011 babebitls;
951 2940 1044 2999 consi·
1086 2932 1248 2999 Romualdn
1276 2938 1366 2998 dmm
1388 2939 1544 3000 insidiatur
1565 2940 1640 3013 (328)
1661 2941 1783 3017 eripere,
1804 2942 1866 3017 jam
1893 2960 1947 3020 per

184 3033 282 3094 delate
296 3028 497 3091 tantummodo
517 3042 606 3102 quern
631 3025 696 3085 illio
716 3026 849 3087 abbatem
867 3027 1043 3088 consutuera
1085 3027 1221 3087 eumdem
1245 3028 1463 3089 sanctissimum
1483 3031 1592 3103 virum,
1606 3039 1636 3092 et
1648 3048 1729 3092 suam
1748 3033 1858 3094 meruit
1881 3049 1947 3094 con·

183 3118 320 3183 demtis.
335 3120 428 3196 igiter
440 3117 583 3179 inviolato
597 3115 714 3176 silentio
731 3116 860 3190 perrexit
876 3118 913 3177 ad
931 3132 1038 3192 regem.
1051 3154 1074 3216 0
1085 3130 1212 3189 servare,
1235 3117 1284 3177 cui
1306 3118 1416 3178 inferre
1440 3124 1562 3181 mortem
1583 3121 1706 3194 studuit,
1727 3136 1780 3196 per
1796 3136 1866 3181 eum
1883 3137 1947 3182 suae

184 3213 238 3273 dut
252 3227 303 3272 rex
318 3210 452 3287 paunus
470 3221 636 3281 mergens,
652 3221 690 3265 ax
709 3220 815 3280 magno
828 3206 922 3269 cordis
936 3208 1044 3268 abacta
1086 3204 1249 3278 pauculum
1263 3205 1365 3266 mortis
1379 3208 1480 3266 evasit.

182 3303 214 3361 in
229 3301 305 3361 lrsnc
319 3316 420 3361 vocem
432 3300 539 3373 erupit,
556 3298 656 3357 dicens
672 3321 679 3355 ε
695 3297 717 3357 0
730 3298 842 3357 utinam
857 3299 957 3358 anima
978 3314 1043 3358 msa
1373 3314 1496 3375 cppqq·
1523 3314 1641 3375 [χιιι

182 3398 258 3452 aare
281 3391 552 3464 rampoaldo!
575 3385 668 3457 quem
694 3401 773 3458 mox,
801 3393 836 3446 ut
863 3387 1042 3462 loqueretar,
1082 3402 1292 3469 namurco,
1306 3407 1356 3476 per
1375 3408 1570 3464 arcemone
1597 3411 1687 3480 aque,
1704 3409 1793 3465 eamn
1819 3409 1877 3465 aar
1896 3410 1947 3467 re·

182 3479 352 3555 suppliciter
372 3478 537 3550 emmens,
565 3477 629 3551 ipso
654 3475 701 3536 die
722 3477 778 3537 buc
806 3475 963 3551 impetrare
983 3492 1041 3536 non
1304 3477 1446 3545 fereadum
1474 3479 1578 3535 retitur
1601 3484 1722 3549 apamia

183 3570 287 3646 poerit,
1119 3561 1250 3623 Habebat
1281 3570 1378 3623 enum
1421 3562 1546 3627 Sanctus
1581 3566 1656 3639 (3·29)
1690 3567 1946 3639 masuetudinem,

192 3674 196 3679 ·
219 3661 335 3721 Postera
344 3664 443 3719 sutem
454 3657 512 3729 die,
525 3657 883 3732 Romnaldoadpalatium
896 3657 1041 3731 venbneap
1082 3665 1150 3711 eum
1169 3653 1376 3712 monasterium
1396 3658 1515 3725 teneret,
1530 3661 1572 3728 ut,
1592 3655 1650 3715 nisi
1668 3671 1737 3716 eum
1747 3657 1894 3732 jejunaret
1907 3656 1946 3715 sd

182 3765 248 3811 ecce
275 3749 501 3810 Teutonioornm
530 3746 691 3807 multitudo
723 3746 853 3809 certain
881 3747 951 3805 binc
972 3744 1042 3805 inde
1082 3757 1269 3802 communem
1285 3758 1496 3804 mensamcum
1511 3746 1796 3823 lutususqnotidie
1810 3748 1946 3820 veniens,

181 3843 382 3909 concurrunt,
415 3836 508 3911 capita
533 3836 693 3895 salutantes
719 3835 871 3894 lumiliter
897 3834 1040 3907 ileetnnt,
1082 3846 1175 3892 unum
1197 3834 1317 3911 quidem
1341 3835 1527 3910 pulmentum
1550 3832 1625 3894 480
1653 3837 1813 3898 comederet
1827 3858 1836 3910 ;
1864 3846 1946 3914 post·

181 3923 546 4002 villosqnoquepelliceu
564 3922 736 3996 vesterque
758 3928 820 3981 arat
838 3921 970 3991 indutus,
985 3937 1040 3982 an·
1082 3922 1202 3983 modum
1223 3938 1291 3984 vero
1314 3925 1440 3999 lectioni,
1460 3928 1507 3987 vel
1530 3927 1601 4004 quid
1624 3927 1711 3988 etlam
1735 3927 1812 4002 apud
1836 3940 1948 3987 uuum

182 4017 232 4077 xie
247 4016 442 4092 decerpentes,
456 4028 507 4090 pro
527 4013 617 4073 saeris
642 4013 775 4087 reliquiis
788 4013 819 4077 in
835 4013 957 4088 patriam
969 4028 1039 4087 por·
1082 4026 1228 4087 quemque
1244 4021 1388 4087 ageretm,
1407 4016 1546 4088 intentus,
1563 4015 1599 4074 de
1619 4015 1740 4092 reliquis
1762 4031 1821 4076 non
1841 4021 1947 4092 gusta·

183 4106 270 4168 taturi
283 4105 409 4166 studiose
428 4104 598 4164 recondunt.
612 4103 685 4174 Qua
703 4104 836 4164 videlicet
853 4120 899 4166 res
918 4120 1041 4165 venem-
1080 4106 1134 4160 ret.
1157 4101 1405 4177 Quadragedmati
1433 4118 1501 4164 vero
1528 4110 1665 4179 tempore,
1693 4104 1751 4164 nisi
1774 4105 1946 4166 ammte

181 4195 271 4255 bilem
286 4194 382 4254 virum
406 4200 484 4253 tante
506 4207 629 4251 vnoerore
641 4192 745 4267 dejecit
759 4199 802 4263 ut,
816 4193 873 4253 nist
889 4193 1041 4268 discipulis
1081 4187 1243 4248 inevitabili
1268 4196 1427 4266 cogeretur,
1448 4191 1479 4250 in
1498 4192 1605 4251 cellula
1624 4191 1733 4267 jugiter
1760 4192 1944 4253 mennatem.

181 4280 256 4340 479
284 4282 467 4342 obeuntibus
490 4282 692 4357 acquiesceret,
716 4281 754 4339 ad
778 4282 882 4340 cellam
908 4282 1040 4357 protinus
1083 4279 1156 4339 llum
1179 4279 1269 4354 igitur
1293 4281 1463 4356 predictum
1489 4281 1657 4343 eoenobunn
1685 4283 1732 4342 vir
1755 4282 1945 4345 beatissimus

177 4369 340 4447 repedaret.
353 4369 506 4444 Ingressus
524 4368 616 4443 igitur
628 4369 665 4427 ad
680 4383 787 4443 regem,
801 4384 860 4429 non
876 4384 966 4443 paooa
984 4371 1040 4430 sibi
1080 4372 1199 4438 reperet,
1230 4369 1473 4444 quadragesimali
1494 4370 1557 4445 jum
1580 4369 1796 4446 propinquante
1814 4369 1943 4447 jejunio,

183 4460 298 4523 locutus
311 4462 348 4522 de
360 4460 614 4534 restituendop'ure
633 4458 838 4528 Ecclesiamm,
853 4458 890 4519 de
902 4459 1231 4574 violentianquaerebat
1255 4474 1322 4520 cunr
1348 4460 1498 4537 discipulis
1520 4477 1572 4536 per
1596 4460 1692 4522 meina
1706 4461 1853 4522 montium
1866 4461 1944 4536 loca,

182 4560 345 4630 potantum,
363 4554 399 4613 de
424 4552 610 4628 oppressione
631 4566 803 4626 pauperum,
817 4557 845 4612 et
870 4557 932 4627 post
946 4552 1039 4613 multa
1082 4548 1133 4609 ubi
1144 4564 1275 4611 eremum
1291 4550 1382 4611 lucere
1396 4552 1543 4626 potesse.
1554 4551 1801 4627 Dumquelongas
1814 4551 1847 4611 in
1857 4566 1945 4628 quas·

182 4658 276 4705 nuum
294 4642 352 4702 sibi
375 4657 428 4717 pro
453 4642 515 4700 suis
538 4638 692 4713 discipulis
715 4640 925 4700 monasterium
944 4642 1037 4715 petiit.
1082 4640 1172 4698 rende
1201 4654 1297 4700 moras
1325 4640 1536 4715 protraherent,
1558 4647 1676 4715 repente
1701 4640 1786 4717 aquis
1807 4640 1945 4717 undique

181 4732 236 4792 tini
252 4728 433 4806 postmodum
445 4741 498 4786 rex
510 4725 616 4784 montis
626 4725 814 4798 (aminnias
828 4727 1038 4788 monasterium
1081 4727 1351 4788 circumfluentibus
1367 4728 1406 4787 ita
1424 4730 1554 4789 conclusi
1572 4736 1651 4801 sunt,
1670 4735 1703 4789 nt
1724 4744 1779 4788 nec
1802 4728 1859 4804 ipsi
1877 4730 1944 4805 iarn

181 4818 299 4879 tradidit
311 4822 342 4876 et
353 4815 496 4885 abnuam,
512 4812 582 4888 quia
594 4812 696 4872 multis
707 4820 769 4872 erat
783 4813 867 4873 matis
879 4814 1038 4889 obnoxius,
1083 4815 1186 4886 redire,
1211 4830 1264 4876 nec
1286 4815 1323 4875 de
1341 4817 1516 4878 monasterio
1538 4819 1694 4892 quisquam
1714 4815 1751 4876 ad
1770 4830 1822 4877 ees
1843 4826 1946 4892 pumat
2030 4900 2031 4903 Ἴ

214 4991 283 5057 (aa)
296 4970 398 5042 intrem
413 4988 501 5041 aava
873 4954 875 4959 ’
1082 4986 1233 5049 ramma,
1252 5001 1313 5055 aas.
1336 4986 1392 5049 aar.
1417 4986 1454 5043 nr.
1482 4985 1508 5043 r.
1530 4984 1661 5045 deuse
1687 4983 1808 5043 druos
1831 4985 1945 5043 omre
2030 5008 2031 5011 κ

215 5063 281 5128 <titt
304 5061 435 5115 barontus
457 5059 530 5113 bunc
554 5058 661 5112 ilenrict
681 5058 708 5110 ln
726 5058 827 5115 ltaliam
843 5061 987 5117 adrentum
1004 5064 1039 5118 ad
1085 5058 1308 5114 commemores.

182 5146 284 5187 aunum
304 5133 363 5185 itit
379 5131 507 5196 assignat.
1112 5133 1181 5200 (326)
1204 5133 1295 5185 Pilum
1323 5136 1363 5187 est
1385 5146 1522 5187 armorum
1545 5144 1634 5200 genus
1659 5130 1756 5185 bastlle
1775 5142 1840 5185 cnm
1864 5131 1946 5187 terre
2030 5166 2031 5203 q

215 5206 282 5271 (325)
311 5204 367 5257 lieu
402 5203 437 5255 de
465 5201 645 5256 celeberrimo
670 5201 694 5253 8.
728 5201 872 5256 satratmts
905 5207 1039 5258 monaste·
1084 5204 1245 5268 trigonstem
1279 5204 1398 5270 ligurum
1442 5206 1621 5258 acuminatam
1666 5202 1827 5267 excedente,
1864 5205 1946 5271 iuxta
2030 5210 2031 5269 ι

185 5275 235 5339 ric,
257 5275 331 5343 quod
356 5279 436 5327 niodo
459 5274 652 5327 elstercieuses
679 5272 803 5327 monachi
831 5270 961 5336 lneolnnt,
989 5275 1039 5330 sed
1084 5272 1232 5339 segetium.
1259 5276 1355 5328 Verum
1382 5277 1410 5328 tu
1446 5271 1801 5339 corroboraremur.
1834 5284 1866 5338 n,
1896 5274 1947 5329 les·
2030 5274 2031 5335 ι

185 5342 220 5401 de
235 5348 290 5399 alio
305 5344 336 5399 S.
352 5345 429 5399 Petri
447 5343 484 5397 od
510 5343 605 5396 Virum
622 5349 777 5410 nuncupato
794 5344 821 5396 ln
836 5356 902 5408 aare
916 5345 1039 5411 Senensi,
1083 5344 1162 5399 betur
1177 5346 1334 5412 exemplum
1359 5360 1408 5411 pro
1425 5346 1549 5400 lanceola
1566 5346 1708 5415 cuiusdam
1726 5342 1943 5410 stqnldcsdune,
2030 5350 2031 5359 ¹

185 5418 214 5471 et
236 5417 264 5469 tn
290 5417 403 5481 regione
432 5418 532 5470 montis
562 5414 655 5467 sarlati
687 5416 749 5474 site,
777 5414 821 5470 lrlc
852 5427 943 5469 sumo
976 5429 1040 5471 erse
1084 5428 1138 5484 qna
1154 5415 1390 5471 laciliuatutrater
1405 5417 1557 5485 utlpotest.

183 5486 309 5548 videtum
339 5487 375 5540 ds
401 5491 482 5553 euius
514 5487 667 5541 donetunls
695 5488 794 5552 papiae
825 5487 891 5540 es.
922 5488 1039 5543 bennae
1116 5488 1298 5554 (tibicinae
1312 5486 1417 5551 suarm.

186 5559 351 5625 imperatore
371 5558 436 5611 dire
460 5555 609 5613 ernaudo
630 5568 705 5615 enno
727 5557 786 5610 idol
807 5557 933 5622 darm
961 5571 1040 5617 rnen·
1115 5560 1249 5628 (stulu.
1263 5560 1336 5623 eod..
1349 5558 1544 5616 insidiabatur.

181 5634 220 5687 tle
241 5632 285 5684 est
304 5631 332 5682 ln
354 5630 426 5681 uotis
452 5628 485 5681 ad
504 5633 678 5680 monumenta
695 5627 786 5682 addita
802 5627 836 5680 ad
852 5628 993 5693 epistotam
1007 5631 1041 5683 de
1116 5631 1184 5697 (sao)
1195 5630 1257 5684 dod.
1272 5631 1336 5703 lat,
1351 5630 1527 5685 dream.
1587 5696 1589 5705 y
