4100 6209
93 353 145 422 777
847 343 1093 430 samonum.
1793 377 1845 438 777

91 485 178 545 eham
182 484 280 554 beas,
295 473 444 557 Salomon,
458 484 488 544 id
501 489 545 544 est
553 489 695 559 77777777,
706 495 749 549 777
761 491 862 552 noble
855 507 885 551 m
897 492 951 550 hoc
959 477 985 552 ‘A
994 491 1154 565 singularis
1165 500 1296 568 aspectus
1307 493 1353 553 sui
1371 496 1462 569 gratia
1476 493 1563 571 super
1576 489 1721 559 coelestem
1732 501 1844 560 cutiam

92 574 218 634 exsilio:
233 571 429 643 7777777777777,
443 572 473 632 id
487 580 531 633 est
543 580 724 645 ammonetur
739 581 794 640 erit
815 581 847 639 in
867 579 949 656 777777-
991 578 1082 639 7777777
1094 580 1130 640 ad
1143 581 1414 655 videnduthuid
1431 586 1533 645 toruus
1545 585 1595 645 illa
1615 587 1782 649 tortitudine
1794 607 1845 666 per

92 664 155 735 cio,
177 661 271 735 idida,
291 662 321 721 id
339 668 382 721 est
399 665 544 733 qtortosau,
570 667 625 725 erit
643 667 674 726 in
692 684 799 741 regno;
819 671 849 729 in
870 672 949 729 77777-
992 683 1080 744 quam
1099 670 1216 730 Domini
1234 672 1370 733 tortitudo
1383 689 1451 732 vasa
1465 673 1593 748 drrrpurt
1602 675 1751 736 fortioris?
1770 677 1844 749 Quid

92 750 292 820 boamabilis,
315 749 471 824 injudicio
491 752 638 823 terribilis,
661 754 693 812 77
714 771 802 829 reguo
820 759 949 816 admira-
992 758 1466 837 trigidiusillasubstantiaquam
1486 762 1670 822 obumbravit
1687 763 1847 826 777777777-

92 842 210 910 777777;’
201 855 235 900 77
257 840 364 900 exsilio
388 842 465 917 pius,
489 843 651 918 injudicio
674 846 781 919 justus,
806 847 836 906 in
861 861 950 922 regno
994 849 1108 920 tissimi,
1129 856 1157 908 et
1174 850 1211 909 ab
1234 857 1308 910 aestu
1331 851 1439 925 peccati
1462 851 1591 911 defendit
1615 855 1847 926 supervenientis

92 931 246 1006 gloriosus.
263 930 337 990 Vide
354 939 451 990 autem
470 933 495 991 si
515 949 575 993 non
591 935 701 1011 ubique
717 953 779 998 rex.
797 937 831 996 lu
846 938 950 1000 exsilio
993 935 1121 1012 Spiritus
1144 937 1319 1012 plenitudo?
1340 939 1385 997 Ex
1399 939 1562 1009 hocebore,
1578 940 1634 999 uisi
1652 943 1746 1017 fallor,
1767 945 1845 1005 liunt

92 1029 186 1081 rector
215 1037 341 1094 momm,
363 1022 525 1098 injudicio
547 1026 685 1086 discretor
709 1029 890 1102 meritorum,
918 1029 950 1089 in
992 1024 1054 1084 illm
1080 1025 1185 1086 domus
1209 1026 1356 1098 eburncce,
1384 1027 1420 1086 de
1445 1026 1553 1101 quibus
1576 1029 1646 1087 dicit
1671 1029 1844 1093 Psalmista:

91 1127 183 1185 regno
203 1112 391 1187 praemiorum
413 1113 603 1187 distributor;
629 1116 779 1192 simulque
802 1120 951 1179 considera
995 1136 1009 1165 7
1023 1111 1153 1189 Myrrha,
1167 1121 1194 1174 θῐ
1209 1115 1432 1190 7117ῐῦ777ΰῦ77
1450 1131 1467 1174 ³
1485 1115 1665 1176 vestimentis
1678 1120 1747 1192 tuis,
1762 1136 1780 1179 ὃ
1793 1121 1846 1181 (10·

92 1201 163 1278 quia
181 1219 239 1263 non
254 1203 448 1276 acctestasres,
468 1217 528 1267 non
549 1205 642 1279 idida,
668 1208 718 1268 scd
739 1208 875 1270 Salomon
892 1218 952 1270 tam
994 1202 1092 1262 mibus
1106 1202 1245 1263 eburneis
1258 1207 1343 1273 (Psal
1357 1209 1449 1274 xtrv).
1469 1230 1480 1258 7

92 1291 253 1367 gloriosum
264 1307 336 1368 opus
347 1293 441 1353 lacere
452 1305 640 1369 prenotatur.
657 1298 763 1357 averte
775 1298 874 1358 oculos
886 1304 952 1360 tuos
1031 1289 1189 1365 Sequitur:
1209 1315 1222 1341 ι
1240 1291 1394 1354 Grandem.
1422 1315 1436 1348 7
1463 1293 1539 1365 Quid
1561 1289 1703 1370 grandius
1728 1296 1849 1372 Virgine

92 1381 129 1440 ab
144 1380 228 1440 illius
248 1383 355 1441 terreni
374 1385 451 1457 regis
473 1383 596 1457 deliciis,
624 1387 686 1459 qui,
711 1384 778 1445 licet
795 1386 882 1445 luerit
904 1402 951 1445 sa-
994 1379 1095 1452 biaria,
1115 1396 1183 1455 quae
1206 1384 1438 1458 magnitudinem
1456 1401 1579 1445 summae
1595 1386 1849 1446 divinitatis‘iutra

95 1470 207 1543 pientia
227 1467 396 1545 singularis,
416 1472 551 1533 sublimis
576 1475 678 1550 gloria,
703 1473 790 1534 rebus
817 1473 950 1547 adluens,
994 1471 1040 1530 sui
1064 1471 1175 1529 ventris
1194 1470 1340 1531 concludit
1358 1473 1522 1533 arcanum?
1540 1478 1664 1536 attende
1684 1476 1848 1554 Seraphim,

93 1575 163 1635 pace
185 1575 317 1630 scamus,
342 1569 516 1622 nontamen
538 1564 594 1623 tale
615 1580 688 1637 opus
710 1564 803 1622 iacere
827 1565 953 1638 potuerit
993 1566 1022 1619 et
1045 1559 1076 1618 in
1097 1558 1180 1618 illius
1202 1561 1358 1634 superioris
1374 1570 1486 1622 uaturae
1500 1564 1653 1637 supervola
1665 1564 1846 1640 (77σηί777777,

92 1647 181 1723 quate
202 1649 310 1708 77777777
330 1661 388 1708 non
404 1649 442 1708 sit
457 1649 604 1711 universis
620 1652 726 1727 regnis
748 1651 889 1728 Nunquid
905 1669 952 1712 sa-
995 1655 1023 1707 et
1036 1648 1149 1709 videbis
1159 1649 1304 1725 quidquid
1317 1665 1411 1723 77777777
1419 1659 1472 1722 est
1487 1652 1587 1711 minus
1590 1649 1727 1728 Virgine,
1735 1653 1847 1712 7777777-

92 1753 151 1796 crae
166 1738 289 1812 scriptor
306 1737 437 1798 historiae
454 1738 553 1798 omnia
566 1757 653 1817 opera
668 1737 773 1801 muudi
787 1747 815 1798 et
828 1739 951 1813 gloriam
994 1755 1052 1815 quc
1067 1739 1205 1815 Opificem
1218 1755 1291 1815 opus
1304 1740 1382 1800 istud
1395 1743 1630 1816 supergredi.-

91 1841 196 1889 eornm
215 1830 324 1889 intuitu
343 1829 477 1906 diligenti
503 1834 698 1905 prospexerat,
723 1839 756 1890 ut
775 1832 829 1893 hoc
854 1823 986 1913 7777777777
1033 1828 1096 1887 «tit
1121 1827 1239 1887 vestivit
1262 1841 1330 1887 eum
1357 1845 1429 1889 auro
1459 1831 1539 1891 77777
1570 1828 1669 1892 nimis
1690 1853 1705 1886 a
1734 1834 1850 1892 iturum

93 1923 152 1978 7777
175 1913 394 1991 delibemtioue,
418 1935 475 1980 non
501 1919 564 1989 uni,
591 1919 641 1978 sed
664 1919 802 1979 omnibus
824 1921 948 1979 antefer·
994 1917 1134 1976 omnibus
1160 1917 1286 1977 metallis
1311 1919 1475 1993 pretiosius,
1506 1917 1635 1998 intellige
1666 1915 1849 1982 divinitatem

90 2007 162 2066 7777
182 2004 286 2066 777777
306 2013 375 2066 sunt
392 2009 464 2079 bec,
488 2008 513 2067 si
536 2023 596 2066 non
618 2021 802 2068 recurramus
821 2009 857 2067 ad
879 2008 951 2067 inti-
986 2004 1058 2079 Dei,
1073 2019 1155 2065 onim
1169 2005 1408 2082 praeeminentem
1428 2009 1851 2086 mundo,omn1agubernan

92 2113 158 2156 mos
172 2094 298 2156 coelestis
315 2096 480 2173 disciplinae
499 2110 639 2170 recessus,
658 2097 683 2156 77
699 2095 952 2157 noudeviemusa
996 2102 1064 2154 tem.
1082 2094 1143 2154 Hac
1165 2095 1268 2154 vestita
1282 2105 1335 2168 est,
1359 2097 1419 2155 imo
1440 2101 1631 2186 supervestita
1649 2093 1740 2160 Mater
1762 2097 1852 2160 liliis·

91 2191 142 2246 via
164 2185 342 2247 litteratoria
363 2186 522 2262 qualitatis
547 2186 685 2248 Salomon
705 2193 812 2257 noster,
827 2197 950 2245 777777-
995 2183 1063 2242 simi
1066 2189 1236 2260 ,totamque
1253 2183 1401 2260 Virginem
1419 2173 1852 2250 totaillaiudirisibilisnatura

90 2274 159 2335 lum
181 2276 305 2350 sapiens,
322 2276 373 2335 sed
386 2280 414 2334 ot
427 2275 568 2350 sapientia
582 2275 695 2347 Patris;
715 2290 774 2334 non
790 2273 886 2334 solum
900 2289 952 2348 pa·
994 2273 1112 2348 largiori
1123 2276 1214 2354 gratia
1226 2276 1398 2350 superfudit
1411 2276 1487 2346 Quid
1503 2284 1546 2336 est
1557 2286 1653 2337 antem
1670 2279 1747 2353 quod
1760 2278 1848 2338 dicit:

90 2363 206 2436 citicae,
224 2364 273 2423 sed
295 2371 323 2423 77
341 2379 400 2439 777
421 2372 528 2437 nostra,
553 2364 604 2440 qui
625 2365 691 2423 lecit
710 2371 832 2438 utraque
846 2378 950 2434 unum,
996 2362 1077 2423 lulro
1093 2355 1204 2424 nimis?
1219 2363 1274 2423 Hrc
1285 2363 1398 2439 aliquid
1415 2367 1625 2441 requirendum
1636 2367 1755 2445 reliquit
1767 2366 1850 2427 uobis

90 2453 162 2513 lecit
186 2452 335 2523 thronum,
359 2460 477 2512 uterum
497 2453 630 2512 videlicet
654 2452 833 2511 intemeratae
856 2451 951 2528 Virgi-
996 2450 1122 2526 Spiritus
1139 2452 1189 2512 ille
1208 2453 1374 2529 multiplex,
1396 2461 1424 2513 et
1448 2456 1559 2515 utinam
1577 2457 1685 2532 possim
1706 2457 1852 2534 explicare

92 2544 151 2614 7777,
173 2542 206 2602 iu
230 2557 289 2619 quo
308 2542 381 2603 sedlt
399 2542 451 2602 illa
472 2541 616 2618 majestas,
638 2555 706 2620 quae
727 2553 801 2603 nutu
826 2543 953 2603 concutit
995 2539 1320 2616 quodsentio.0uatuor
1335 2540 1429 2600 modis
1442 2542 1518 2601 inest
1531 2541 1757 2604 Dousomnibus
1771 2557 1852 2604 crea·

93 2632 208 2693 orbem.
994 2630 1078 2691 turis.
1096 2630 1193 2691 Primo
1205 2631 1292 2690 modo
1308 2631 1499 2692 essentialiter
1514 2640 1571 2693 tam
1592 2635 1676 2694 bonis
1688 2650 1777 2711 quam
1790 2650 1853 2693 ma·

128 2721 216 2782 Hanc
229 2721 388 2782 sessionem
402 2720 470 2781 Filii
484 2727 513 2781 et
526 2721 658 2797 probavit
671 2728 699 2781 et
711 2722 846 2797 cognovit
858 2721 950 2794 Pater,
994 2721 1042 2790 lis,
1059 2721 1194 2797 nihilque
1208 2722 1377 2782 intercludit
1389 2722 1503 2783 deitatis
1516 2726 1682 2798 essentiam,
1701 2742 1752 2802 per
1765 2742 1853 2802 quam

91 2813 288 2888 ipsodicente
302 2831 310 2871 a
325 2835 339 2864 ι
352 2811 398 2872 Tu
413 2812 573 2887 cognovisti
588 2813 745 2873 sessionem
755 2825 851 2870 meam
864 2814 951 2884 (Psoi.
995 2827 1058 2872 esse
1071 2813 1171 2872 omnia
1184 2821 1366 2888 acceperunt.
1383 2813 1455 2873 Inde
1468 2821 1512 2874 est
1528 2816 1604 2891 quod
1618 2833 1765 2891 nusquam
1779 2821 1807 2875 et
1821 2815 1854 2876 in

90 2908 294 2972 uxxxrruun
318 2907 367 2960 et:
385 2899 550 2962 «Thronus
573 2907 640 2961 tuus
661 2901 738 2961 Deus
758 2901 790 2960 in
811 2900 952 2960 saeculum
994 2901 1076 2960 omni
1091 2899 1154 2960 loco
1173 2917 1235 2960 esse
1250 2900 1366 2976 legitur,
1386 2917 1454 2962 cum
1473 2904 1613 2965 omnibus
1635 2904 1855 2979 praesentialiter

90 2991 199 3053 saeculi
211 2993 292 3067 (7777.
307 2992 411 3065 xtrv);
428 3016 441 3042 7
459 2997 487 3050 77
501 3013 508 3050 z
526 3012 540 3046 7
557 2990 694 3050 Thronus
706 2992 761 3049 iste
773 2990 848 3049 sicut
862 2988 905 3049 sol
920 2988 952 3047 ln
981 2990 1118 3060 assistat,
1132 2999 1160 3049 et
1174 3008 1191 3049 a
1207 2992 1289 3051 nullo
1313 2993 1581 3068 comprehendatur.
1596 2994 1710 3054 Habent
1724 2996 1810 3053 etiam
1824 3001 1852 3053 et

90 3091 251 3158 conspectu
278 3087 329 3141 tuo
355 3084 438 3155 (7777.
458 3084 618 3155 7777777777).
640 3104 651 3132 r
673 3080 832 3152 «Sedes»
856 3079 954 3156 inquit
996 3078 1066 3137 mali
1080 3079 1131 3138 Dei
1146 3080 1344 3152 praesentiam,
1358 3081 1407 3140 scd
1428 3096 1485 3140 non
1508 3082 1644 3156 gaudent,
1664 3097 1732 3143 cum
1755 3082 1852 3141 inani·

91 3172 256 3248 Scriptura,
282 3196 295 3223 α
311 3185 398 3247 super
412 3174 562 3245 thronum,
581 3174 634 3248 qui
650 3172 766 3246 iudicas
786 3172 955 3246 aequitatem
962 3175 1072 3266 ’8777777
1098 3168 1234 3242 quaelibet
1257 3170 1311 3229 boc
1329 3171 1440 3246 possint
1462 3170 1614 3246 privilegio
1640 3170 1768 3246 gloriari.
1799 3170 1853 3231 Se-

91 3263 181 3338 [Psat.
203 3264 280 3336 rxl.»
303 3261 377 3334 Quid
398 3264 476 3321 enim
494 3263 603 3338 justius
617 3277 706 3337 quam
721 3259 810 3319 rilem
824 3266 852 3320 et
867 3269 955 3320 trans·
995 3258 1092 3318 cundo
1112 3258 1196 3318 modo
1216 3260 1292 3318 inest
1306 3259 1390 3319 bouis
1406 3261 1581 3332 operatione,
1596 3261 1656 3335 agit
1671 3260 1750 3319 enim
1765 3259 1797 3318 in
1810 3258 1853 3320 eie

90 3353 196 3429 lugam
224 3363 350 3422 servum,
380 3360 408 3411 et
434 3352 566 3411 conservi
589 3352 635 3411 sni
660 3350 797 3410 sedulum
822 3349 954 3425 decepto·
996 3348 1091 3407 virtus
1105 3346 1262 3420 operativa,
1281 3355 1314 3406 ut
1332 3357 1489 3422 operentur
1507 3348 1744 3422 operaDci;nec
1762 3349 1853 3407 otiose

90 3457 168 3512 rem,
186 3440 333 3516 perpetuis
347 3437 465 3515 ignibus
480 3441 638 3514 assignare,
653 3445 681 3498 et
696 3435 793 3508 illum,
807 3453 893 3512 quern
912 3441 953 3498 le·
995 3436 1084 3497 creati
1098 3441 1168 3495 sunt
1180 3436 1256 3495 iuter
1277 3443 1431 3510 creaturas,
1452 3438 1528 3496 sicut
1546 3443 1574 3495 et
1594 3436 1673 3507 mali,
1690 3439 1742 3512 qut
1756 3437 1852 3512 elege-

89 3528 221 3600 ietlerat,
246 3545 299 3590 suo
315 3527 461 3603 resignare
480 3526 643 3604 principio?
663 3528 712 3586 dit
724 3525 774 3586 ille
786 3528 858 3587 alter
875 3528 955 3588 tillus
996 3535 1065 3589 runt
1079 3542 1218 3598 arescere,
1232 3534 1264 3587 nt
1277 3529 1461 3604 sempiternis
1470 3525 1587 3604 ignibus
1603 3528 1741 3588 alimenta
1763 3527 1854 3588 mini·

88 3615 280 3694 virgine:-
297 3611 403 3677 E'tvox
419 3617 454 3677 de
468 3618 571 3677 throno
586 3617 679 3677 exirit
690 3615 811 3676 dicens
825 3617 955 3677 Laudem
996 3625 1096 3678 strant
1117 3619 1197 3678 Inest
1215 3624 1243 3677 et
1260 3617 1407 3694 plerisque
1425 3619 1509 3678 bonis
1528 3618 1777 3688 illuminatione,
1780 3633 1856 3693 quos

87 3709 183 3771 dicate
196 3710 256 3769 Deo
268 3716 375 3780 nostro
395 3724 498 3769 omnes
513 3709 683 3782 sanctaeque
698 3703 955 3780 (7777777777
995 3708 1031 3767 de
1047 3707 1391 3794 luturorumcognitione
1406 3707 1539 3767 nobilitat
1558 3713 1586 3767 et
1609 3705 1762 3782 participes
1784 3722 1853 3767 suo-

86 3798 149 3858 boc
165 3795 272 3857 throno
283 3797 349 3859 laus
367 3798 538 3873 angelorum
559 3797 730 3872 prorumpit,
746 3802 774 3855 et
790 3797 953 3866 bominum,
996 3812 1063 3856 rum
1079 3794 1165 3855 efficit
1180 3804 1366 3855 secretorum.
1382 3796 1489 3866 Quarto
1511 3795 1597 3854 modo
1617 3794 1693 3854 inest
1706 3791 1759 3854 dni
1772 3809 1854 3855 crea-

86 3889 165 3965 quia
183 3887 256 3947 dum
279 3888 327 3946 hic
348 3887 522 3958 restituitur,
542 3894 571 3946 ot
585 3887 636 3946 ille
657 3885 822 3959 resarcitur,
838 3887 956 3961 utrique
998 3893 1080 3957 turae,
1102 3886 1238 3946 videlicet
1257 3883 1356 3944 itariae
1373 3881 1500 3960 Virgini,
1520 3883 1678 3956 identitate,
1693 3884 1762 3957 quia
1776 3881 1853 3944 idem

86 3978 257 4050 gratiarum
280 3973 383 4033 dcbcm
404 3973 597 4034 devotionem.
620 3973 703 4033 Nosti
721 3974 861 4048 quidnam
880 3975 957 4037 dicat
996 3976 1130 4050 estquod
1147 3974 1209 4034 illa.

86 4065 146 4140 qui
175 4064 256 4123 sedet
279 4063 310 4121 iu
341 4063 467 4122 tbrono‘l
497 4088 511 4112 κ
533 4062 616 4134 Ecce,
646 4061 752 4137 inquit,
780 4078 857 4123 nova
882 4063 956 4126 77777
1032 4063 1087 4122 Η77
1108 4065 1239 4121 uocaret
1254 4063 1456 4123 contremiscat
1473 4065 1570 4124 omnis
1587 4069 1730 4134 creatura,
1752 4069 1780 4123 77
1804 4063 1856 4123 rix

85 4153 198 4214 omnia
216 4153 316 4224 (77777.
335 4155 444 4220 xxii.»
468 4150 553 4210 Felix
578 4151 711 4223 thronus,
735 4150 767 4210 in
795 4167 853 4227 quo
878 4153 958 4213 sedet
996 4147 1102 4210 audeat
1120 4151 1247 4226 aspicere
1272 4157 1358 4211 777777
1375 4151 1524 4227 dignitatis
1549 4160 1578 4211 et
1598 4150 1774 4227 dignationis
1798 4150 1857 4210 im·

86 4243 263 4303 dominator
289 4237 446 4313 Dominus;
478 4241 509 4300 in
538 4251 605 4316 quo,
637 4247 666 4301 et
698 4257 751 4317 per
776 4258 863 4319 quem
897 4258 956 4303 non
998 4242 1191 4326 mansitatem.
1220 4241 1394 4302 «Dominus
1407 4248 1501 4302 tecum
1518 4245 1593 4312 (777.
1608 4247 1640 4313 7),
1657 4262 1671 4295 7
1691 4241 1788 4317 inquit
1810 4257 1859 4324 77·

85 4331 196 4390 solum
222 4344 334 4401 ornnes,
359 4329 408 4388 sed
432 4330 530 4389 omnia
555 4330 754 4388 renovantur!
783 4329 870 4390 Pareo
894 4347 958 4390 ver
996 4330 1167 4406 changelns.
1182 4330 1300 4390 Habitat
1312 4330 1341 4389 in
1360 4331 1471 4406 angelis
1485 4331 1573 4403 Deus,
1588 4326 1636 4390 sed
1652 4339 1711 4390 uon
1725 4341 1793 4390 cum
1804 4343 1857 4390 777-

84 4419 151 4489 bie,
185 4417 254 4493 quia
285 4417 426 4494 quosdam
456 4422 585 4477 vestrum
615 4417 708 4476 sentio
733 4418 902 4491 praevolare,
928 4428 957 4479 et
997 4420 1082 4496 getis,
1111 4421 1180 4496 quia
1208 4436 1276 4480 cnm
1303 4420 1361 4480 illis
1388 4420 1520 4494 ejusdem
1554 4435 1613 4479 nou
1640 4425 1682 4480 est
1713 4419 1857 4478 essentiae.

83 4509 242 4568 currentis
269 4506 337 4582 77777
365 4507 527 4579 prevenire
553 4507 731 4580 pauperiem
760 4505 863 4568 Merito
889 4511 1120 4629 ergohHabitat
1138 4510 1241 4570 Deus
1234 4526 1265 4569 m
1281 4507 1412 4585 Virgine,
1428 4503 1539 4569 habitat
1558 4506 1860 4583 cantharamque

84 4597 153 4657 tale
183 4593 257 4670 opus
281 4611 341 4656 non
370 4595 529 4670 eloquenti,
558 4610 617 4653 non
642 4594 778 4669 glorioso,
804 4596 855 4654 sed
884 4612 959 4672 pacr-
1001 4616 1095 4660 unius
1107 4606 1221 4659 naturae
1236 4598 1322 4657 babet
1333 4596 1524 4657 identitatem
1540 4595 1860 4697 liocestergoaurum

81 4687 149 4749 deo
175 4687 314 4747 scribitur
331 4687 531 4763 assignatum
552 4688 622 4788 quia
641 4687 721 4746 venit
742 4685 826 4746 iesus
846 4687 957 4746 instau·
1001 4688 1118 4749 lulvum
1140 4688 1240 4757 nimis,
1267 4702 1326 4762 quo
1351 4686 1475 4747 thronus
1500 4691 1542 4746 est
1559 4686 1691 4756 vestitus,
1715 4671 1784 4759 quia
1809 4683 1860 4746 tali

81 4793 162 4839 rare
182 4785 210 4838 et
232 4793 299 4852 77777
312 4777 344 4836 77
359 4778 439 4839 coetis
453 4781 482 4836 et
494 4790 561 4853 quae
577 4775 609 4835 in
623 4777 726 4846 terris;
751 4789 911 4864 pacemque
931 4784 959 4836 et
1001 4779 1087 4840 modo
1111 4777 1188 4838 Deus
1211 4775 1361 4853 Virginem
1385 4775 1481 4836 induit
1498 4775 1552 4836 77
1545 4789 1576 4834 77
1598 4773 1718 4850 Virgine
1738 4765 1860 4834 indutus

79 4870 284 4932 concordiam
297 4872 374 4932 inter
390 4872 523 4932 homines
538 4878 568 4932 et
584 4870 713 4944 angelos,
730 4871 876 4930 mediante
891 4869 959 4929 Vir·
1001 4877 1054 4940 est,
1068 4874 1101 4929 nt
1116 4868 1229 4928 meliori
1243 4882 1302 4926 non
1316 4870 1418 4941 posset.

79 4961 178 5035 gine,
194 4961 361 5020 reformare
1040 4957 1246 5034 seqniturz«
1233 4956 1323 5017 Per
1357 4971 1409 5015 sex
1446 4957 1554 5030 gradus
1590 4954 1799 5032 ascendebatur
1823 4954 1858 5012 ad

125 5046 315 5119 Deebore,
332 5049 467 5126 77777777.
488 5049 562 5122 Qnrd
579 5057 619 5110 est
638 5048 716 5125 quod
735 5064 852 5121 aarum,
869 5053 898 5107 et
912 5063 958 5106 ar
1002 5064 1113 5108 eum.»
1138 5048 1221 5122 llige
1236 5046 1370 5106 medrtau
1385 5060 1452 5122 777
1471 5050 1568 5103 ancta
1586 5045 1666 5115 sunt
1683 5044 1779 5120 quia·
1795 5057 1860 5117 per·

77 5145 233 5213 gentum,
247 5144 276 5197 et
287 5138 397 5213 lapides
411 5138 539 5214 pretiosi
556 5146 583 5197 et
595 5155 692 5198 omnis
707 5137 833 5212 denique
852 5137 959 5211 pretio·
1001 5151 1096 5196 vcrsae
1111 5136 1300 5211 cogitatrones
1314 5139 1479 5216 separante
1496 5131 1555 5191 Deo
1569 5135 1645 5206 (Sap
1665 5133 1783 5206 1);»et
1799 5127 1860 5224 pri·

76 5228 185 5293 sioris
217 5229 348 5287 materia
382 5227 567 5302 premittitur
603 5227 722 5301 glorior
709 5224 828 5286 78777
866 5225 961 5285 eboris
1003 5241 1086 5286 mum
1115 5226 1240 5304 gradum
1265 5224 1432 5285 ascondisti.
1458 5209 1560 5281 Insties
1548 5235 1593 5280 ce
1621 5215 1752 5296 linguam
1781 5217 1862 5280 tuam

76 5317 264 5384 subeuntia
284 5331 376 5394 capax
391 5326 435 5378 est
451 5324 537 5377 tantae
551 5313 779 5392 compositionis,
794 5318 824 5371 et
837 5313 960 5373 labrice-
1002 5316 1076 5375 bene
1102 5315 1193 5394 loqui,
1218 5320 1247 5374 et
1272 5314 1413 5374 subsilisti
1432 5313 1468 5372 ad
1487 5309 1657 5372 secundum.
1683 5312 1764 5372 iuste
1783 5310 1861 5385 quod

77 5425 139 5477 tur
159 5411 196 5471 in
213 5426 246 5470 77
265 5410 343 5487 quod
360 5409 496 5469 omnibus
520 5407 656 5486 operibus
678 5402 748 5461 221
778 5407 959 5481 praeteratur
1000 5406 1115 5484 justum
1140 5411 1182 5464 est
1206 5420 1335 5480 operare,
1355 5409 1383 5463 et
1403 5406 1520 5464 tertium
1541 5404 1696 5464 ascendere
1716 5403 1858 5464 meruisti.

77 5506 186 5567 Ebur
205 5501 286 5562 777777
308 5509 336 5560 77
362 5499 490 5560 mirabili
515 5499 639 5558 candore
664 5495 785 5565 7777777,
816 5503 845 5556 77
871 5493 962 5555 multe
1002 5495 1105 5556 Doce
1098 5493 1215 5571 iniquos
1229 5494 1291 5553 vias
1305 5479 1422 5553 Domini
1440 5500 1468 5554 et
1477 5479 1627 5554 consol'are
1642 5509 1742 5553 omnes
1755 5487 1859 5570 lugeb-

77 5592 276 5692 praaeminet
290 5590 468 5660 tortitudine,
485 5587 705 5662 frigidiorisque
718 5595 831 5648 naturae
845 5585 963 5646 sortitur
1004 5593 1058 5662 tes,
1085 5587 1174 5646 etad
1199 5584 1298 5661 quarti
1325 5581 1534 5645 sublimitatem
1564 5580 1859 5660 assentatores

74 5680 280 5757 auspicium.
301 5680 336 5741 et
352 5679 425 5757 quid
442 5675 596 5738 candidius
618 5675 671 5735 ills
693 5674 869 5751 virginitate,
895 5688 962 5749 quaa
995 5659 1054 5735 777
1038 5667 1157 5750 elinque
1173 5673 1318 5735 mundum
1338 5678 1367 5732 et
1381 5673 1415 5731 ea
1428 5686 1495 5748 quer
1512 5673 1543 5732 in
1561 5671 1672 5734 mundo
1685 5679 1764 5744 sunt,
1783 5675 1812 5730 et
1824 5668 1862 5729 ad
