4100 6209
111 250 162 317 197
548 257 702 319 Auulnio
722 256 773 316 Ab
792 255 881 318 ΤΟΜ.
902 257 916 316 l
936 257 1045 318 oben.
1069 252 1098 317 S.
1120 254 1232 316 Penni
1251 256 1425 316 DAMIANI.
1810 261 1864 320 tes

57 392 59 457 i
110 402 164 444 non
182 385 295 445 modice
311 388 461 459 praestans,
481 388 504 446 si
525 387 723 447 consummari
743 387 774 446 in
794 386 1080 451 sanctarumAMitis
1093 393 1181 461 atque
1196 385 1862 473 tutinusbominilesutibjeonspeetusappa·

57 474 58 511 l
108 476 247 532 virtutum
260 474 636 548 perlectiouecontcnditis.
653 476 803 548 Quicnim
816 475 960 535 Lazarum
1002 483 1073 548 reat,
1099 478 1151 551 qui
1178 483 1204 535 te
1231 477 1307 535 inter
1328 476 1493 535 assistentes
1515 475 1570 534 sibi
1592 476 1701 551 jngiter
1725 477 1863 539 interesse

107 562 237 622 fidetium
252 578 383 622 sororum
396 564 531 638 precibus
547 566 748 625 resuscitatum
763 564 853 625 luisse
867 567 959 637 (toan.
1001 565 1144 625 decernat.
1171 564 1290 639 ignores
1316 578 1404 623 omne
1433 563 1511 638 quod
1536 564 1636 623 borret
1662 564 1694 623 in
1724 567 1862 639 tenebris,

107 654 157 725 nu)
178 668 238 711 non
259 651 394 725 ambig03
410 654 471 727 ipse
488 669 604 730 quoque
624 654 660 714 de
677 654 799 729 meotis
818 653 854 712 ad
874 656 961 714 iuno·
1000 654 1078 730 quod
1105 654 1205 713 stridet
1228 653 1259 712 in
1283 653 1419 725 dammis,
1445 652 1523 726 quod
1550 655 1659 713 cruciat
1683 655 1714 714 in
1738 662 1863 716 tormen·

105 742 230 799 oennam
249 741 398 800 reformari
417 757 469 815 per
486 752 580 804 restra
599 743 855 817 mentastrum
873 742 959 801 iidem
1003 744 1050 801 tis.
1083 741 1169 801 Cedat
1200 741 1251 800 tibi
1280 741 1445 800 teterrimus
1477 738 1599 800 Samnas
1626 757 1694 801 cum
1729 742 1861 802 satelliti·

106 828 216 887 luerint
226 829 325 901 digna,
339 830 462 889 conlido.
476 833 595 890 Amator
607 832 772 891 animarum
785 829 850 906 pius
865 839 893 889 et
902 845 962 888 om·
1003 833 1060 892 bus
1074 833 1153 904 suis;
1169 833 1200 890 in
1215 832 1374 890 adveutum
1389 836 1474 891 tuum
1489 836 1516 889 te
1527 831 1734 892 comitantibus
1748 833 1861 908 angelis

107 919 241 991 bipotens
253 919 339 989 Deus,
353 925 381 977 et
396 934 442 978 me
455 921 560 980 vestris
573 923 753 982 orationibus
765 922 795 980 in
811 919 961 980 rectitudi-
1002 922 1213 990 contremiscat,
1229 926 1315 995 atque
1333 920 1363 978 in
1380 925 1500 979 aeternas
1514 920 1607 979 nuens
1624 921 1712 981 cbaos
1731 922 1860 982 immane

106 1020 171 1063 nem
186 1006 304 1080 dirigat,
319 1014 347 1065 ct
368 1022 418 1065 ros
437 1008 510 1068 meis
529 1010 781 1071 adhortationibus
804 1009 840 1068 ad
860 1009 962 1068 altiora
1002 1009 1145 1084 diffugiat.
1174 1033 1187 1058 α
1209 1008 1354 1081 Exsurget
1375 1007 1471 1079 Deus,
1497 1014 1525 1065 et
1547 1008 1725 1084 dissipentur
1746 1009 1860 1069 inimici

105 1096 254 1170 perducat.
270 1097 313 1158 Sit
326 1114 432 1159 nomen
447 1100 564 1161 Domini
577 1102 773 1163 benedictum,
1003 1098 1076 1172 ejus,
1089 1105 1116 1156 et
1134 1096 1246 1171 fugiant
1264 1113 1281 1154 a
1299 1095 1372 1155 tocie
1391 1097 1465 1170 ejus,
1480 1096 1531 1171 qui
1545 1096 1670 1156 oderunt
1684 1112 1763 1156 eum.
1779 1096 1860 1158 Sicut

404 1225 587 1286 EPISTOLA
598 1228 650 1286 XV
1002 1186 1099 1247 delicit
1112 1187 1221 1258 tumus,
1237 1186 1372 1245 deficiant
1385 1203 1394 1258 ;
1409 1186 1484 1245 sieut
1498 1185 1563 1245 fluit
1575 1200 1639 1245 cera
1655 1203 1672 1245 a
1687 1186 1759 1246 lacie
1771 1187 1857 1261 ignis,

653 1273 660 1288 ⁸
1002 1276 1045 1335 sic
1063 1284 1179 1351 pereant
1203 1283 1369 1350 peccatores
1392 1292 1409 1333 a
1435 1275 1508 1335 lucie
1530 1275 1582 1335 Dei
1605 1278 1688 1350 (Psoi.
1717 1280 1824 1351 invit).
1843 1297 1856 1328 n

349 1328 388 1373 AD
401 1326 546 1382 QUENDAM
559 1329 720 1376 AEGROEUM'
935 1412 941 1423 .
1003 1366 1224 1426 Contundautur
1238 1365 1337 1439 igitur,
1353 1372 1381 1423 et
1392 1366 1563 1425 erubescant
1576 1373 1707 1424 tartareas
1719 1365 1858 1441 legiones,

49 1408 50 1413 ’
102 1408 547 1482 decessurum—dommum
565 1412 852 1485 {egrotietjarm‘am
869 1427 959 1471 morr-
1078 1456 1116 1467 ..
1164 1455 1205 1473 ..
1323 1455 1329 1466 .
1495 1454 1500 1465 .
1593 1456 1598 1465 .

136 1481 208 1547 nm,
219 1482 346 1539 ammam
362 1481 419 1540 Deo
431 1482 622 1551 commendat,
638 1494 679 1553 ut,
696 1492 838 1541 ,musmo
856 1492 959 1541 mona,
1000 1463 1029 1514 et
1045 1463 1171 1514 ministri
1188 1456 1302 1515 botanae
1321 1463 1376 1514 ner
1393 1461 1479 1514 tuum
1492 1456 1633 1530 impedire
1649 1472 1705 1515 non
1721 1456 1857 1515 audeant.

137 1551 174 1610 lis
190 1552 369 1633 yitaecursu,
383 1554 507 1612 coelestis
523 1554 650 1614 victoriae
664 1555 790 1628 palmam
815 1562 960 1614 mereatur
1001 1545 1111 1620 Eripitt
1132 1552 1159 1604 le
1176 1560 1193 1603 a
1212 1544 1306 1619 poenis
1330 1543 1472 1616 Christus,
1487 1543 1538 1620 (1⁰1
1559 1559 1610 1619 ltt⁰
1631 1550 1656 1602 ¹0
1675 1560 1778 1619 passus
1796 1552 1856 1617 eslt

134 1638 277 1697 accipere.
1000 1634 1103 1694 liberet
1117 1640 1145 1693 te
1161 1649 1179 1692 a
1198 1633 1328 1694 cruciatu
1347 1632 1491 1703 Christus,
1510 1632 1562 1707 qui
1580 1648 1631 1707 pre
1650 1638 1677 1692 te
1700 1632 1858 1693 crucifixus

134 1721 317 1782 Commendo
334 1732 361 1782 te
383 1724 571 1799 omnipotenti
587 1724 663 1795 Deo,
683 1724 852 1783 charissime
872 1725 990 1810 lraterB
1001 1734 1063 1797 est;
1077 1724 1180 1783 liberet
1195 1730 1253 1783 tea
1272 1732 1363 1783 morte
1382 1723 1524 1794 Christus,
1539 1723 1590 1797 nui
1609 1739 1661 1797 pro
1678 1728 1705 1782 te
1720 1724 1795 1782 mori
1812 1723 1858 1782 di-

102 1811 146 1881 12,
168 1812 257 1886 eique
280 1818 315 1880 tc,
337 1812 422 1886 cujus
445 1827 476 1872 es
506 1821 636 1871 creatura
662 1812 866 1882 committent
890 1828 958 1872 cum
1000 1824 1106 1887 gnatus
1131 1822 1183 1873 est.
1206 1813 1366 1872 constituat
1391 1818 1418 1870 te
1444 1810 1576 1870 Christus
1602 1810 1696 1870 Filius
1723 1810 1773 1870 [lei
1798 1810 1859 1869 vivi

101 1901 294 1959 humanitatis
316 1901 446 1961 debitum
472 1911 562 1961 morte
581 1902 793 1962 interveniente
811 1904 958 1978 persolve·
1000 1902 1077 1962 iutra
1092 1901 1215 1978 paradisi
1234 1901 1280 1961 sui
1299 1916 1413 1975 semper
1432 1915 1548 1959 amoena
1572 1899 1696 1959 virentia
1720 1897 1810 1969 (108),
1831 1908 1857 1956 et

102 1990 149 2060 ris,
161 1989 201 2047 ad
223 1994 378 2048 Auctorem
402 1998 495 2063 tuum,
508 1992 559 2066 qui
586 1997 612 2049 te
633 1992 669 2049 de
693 1990 763 2050 limo
787 1992 957 2050 formaverat
1000 1990 1076 2050 inter
1091 2006 1160 2051 oves
1178 2006 1245 2050 suns
1265 1998 1291 2048 te
1314 2005 1399 2050 verus
1412 1988 1461 2047 ille
1481 1995 1575 2063 pastor
1592 1992 1737 2063 agnoscat.
1758 1987 1811 2046 llle
1831 1992 1858 2044 te

101 2083 177 2149 idm.
194 2084 234 2153 n),
252 2080 413 2139 revertaris.
431 2082 597 2155 Egredienti
617 2083 715 2157 itaque
728 2083 836 2142 auirnae
851 2092 909 2142 tuas
922 2084 958 2142 de
999 2081 1037 2139 ab
1064 2081 1202 2141 omnibus
1226 2080 1348 2156 peccatis
1368 2078 1509 2151 absolvat,
1536 2085 1623 2152 atoue
1645 2077 1682 2136 ad
1706 2078 1857 2136 dextoram

100 2184 230 2243 corpore,
243 2169 413 2243 splendidus
427 2170 596 2243 angelorum
608 2180 699 2230 coetus
713 2178 853 2243 occurrat,
866 2172 959 2245 judex
1000 2174 1129 2239 suumin
1148 2172 1306 2230 electorum
1326 2185 1447 2229 suorum
1470 2174 1497 2228 te
1521 2167 1593 2226 torte
1617 2166 1782 2226 constituat.
1799 2165 1857 2225 Re-

99 2260 298 2331 apostotorum
325 2269 351 2319 te
375 2268 493 2319 senatus
512 2260 651 2332 absolvat,
667 2260 886 2320 candidatorum
907 2262 960 2321 tibi
1001 2271 1177 2342 demptorem
1199 2268 1281 2322 tuum
1300 2258 1373 2319 lacic
1386 2259 1422 2317 ad
1442 2258 1544 2317 taciem
1560 2257 1668 2327 videas,
1682 2261 1709 2315 et
1731 2271 1856 2329 praesens

101 2364 262 2422 martyrum
295 2350 487 2423 triumphator
518 2350 663 2410 exercitus
685 2350 794 2421 obviet,
820 2348 911 2408 liliata
934 2357 960 2409 te
1001 2372 1116 2431 semper
1126 2352 1264 2413 assistens
1279 2347 1545 2408 manifestissimam
1559 2344 1650 2405 beatis
1668 2343 1762 2404 oculis
1777 2344 1855 2417 aspi·

100 2437 286 2497 rutilantium
319 2436 393 2494 304
427 2442 626 2499 confessorum
661 2448 759 2499 turma
788 2438 957 2514 circumdet,
999 2449 1059 2507 cias
1080 2445 1240 2504 veritatem.
1258 2439 1438 2499 Constitutus
1456 2436 1546 2511 igitur
1564 2432 1855 2510 interagminabea·

97 2532 289 2607 jubilantium
307 2543 333 2593 te
346 2534 491 2607 virginum
509 2536 617 2595 eborus
630 2534 767 2609 excipiat,
782 2541 810 2593 et
820 2537 850 2594 in
867 2535 960 2595 beata
1000 2545 1106 2606 torum,
1119 2528 1371 2606 contemplationis
1382 2527 1492 2587 divinae
1515 2523 1670 2585 dulcedine
1688 2522 1807 2598 potiaris
1824 2519 1854 2580 in

99 2623 206 2695 quietis
230 2623 298 2685 sinu
320 2625 547 2699 patriarcharum
572 2633 599 2684 te
620 2627 791 2701 complexus
809 2627 958 2701 astringat.
999 2622 1109 2685 secula
1122 2618 1307 2680 saeculerum.
1323 2618 1432 2675 Amen·

434 2771 510 2824 Finis
522 2772 588 2824 tomi
596 2771 683 2841 primi
694 2771 810 2841 Operum
823 2773 857 2825 B.
873 2772 904 2827 P.
917 2770 1058 2831 cumiani,
1074 2768 1103 2824 S.
1120 2768 1153 2825 it.
1166 2767 1200 2820 E.
1217 2761 1378 2824 cardinatis,
1393 2758 1516 2830 episcopi

555 2860 696 2924 Ostiensis,
711 2876 745 2915 err
759 2860 854 2916 ordine
867 2861 897 2917 S.
912 2859 1062 2923 Benedicti,
1078 2857 1197 2913 doctoris
1212 2851 1390 2909 disertissimi
1493 2902 1507 2911 ,

862 2963 895 3004 ac
918 2948 1096 3003 sanctissimi.

182 3046 212 3141 i
386 3062 419 3121 D.
435 3064 640 3126 Constantinus
654 3064 819 3138 Caietanus
834 3061 963 3137 Siculus,
976 3061 1184 3138 Syracusanus,
1202 3055 1361 3116 monachus
1379 3050 1558 3113 Casinensis.

617 3196 653 3249 st
668 3191 819 3248 exsultabit
832 3192 928 3261 lingua
942 3205 1002 3246 mea
1011 3189 1154 3259 justitium
1166 3188 1351 3251 inumbras.

126 3313 134 3369 l
139 3311 197 3373 1081
211 3310 290 3366 Forte
298 3313 397 3367 nnete.
415 3315 454 3367 lte
467 3317 539 3369 enlm
557 3318 594 3370 alt
608 3317 734 3381 Virgilius
745 3317 791 3369 lib.
806 3328 835 3368 vt
850 3334 857 3363 :

223 3391 357 3444 Devenere
373 3395 444 3447 100oe
455 3395 528 3447 1810!
542 3404 569 3477 ¹<ti
585 3411 687 3449 amoessa
699 3398 790 3448 Vireid.

100 3571 1838 3610 ----—-......-.-....---——--—---

96 3770 382 3903 nnnrno
437 3777 525 3900 nn
577 3780 738 3906 ren.
787 3780 809 3904 ι
864 3774 1140 3908 bennun
1197 3768 1252 3897 s.
1301 3670 1497 3890 ruem
1546 3756 1846 3945 nnurrnr.

440 4026 593 4108 (Arinates
607 4027 887 4106 Coruotdutensos,
905 4038 981 4096 tom.
999 4028 1035 4105 11,
1052 4027 1198 4102 Preuch,
1214 4038 1286 4103 pag.
1310 4021 1410 4084 ittet
1427 4013 1507 4095 188.)

817 4220 824 4234 ¹
879 4219 1074 4238 ἄ

262 4300 288 4342 ·
518 4382 541 4441 l.
961 4382 1093 4447 (iniunt,
1107 4378 1156 4438 illa
1170 4377 1267 4453 potius
1279 4373 1467 4451 perpetuitate
1482 4370 1667 4443 mandantur,
1676 4383 1734 4445 qua
1743 4367 1851 4429 chartis

90 4491 196 4544 Patr-res
215 4492 356 4560 episcopus
376 4444 542 4546 Fauentinus
569 4492 654 4546 donet
668 4493 698 4549 S.
718 4494 796 4548 Petro
822 4496 956 4549 Damione
997 4467 1261 4529 intervenientibus
1288 4465 1438 4539 scripturae
1475 4459 1647 4521 testimoniis
1682 4458 1848 4561 roboratur,

127 4563 249 4629 ejusque
268 4576 354 4615 eremo
371 4564 401 4618 s.
418 4563 551 4617 dornone
569 4564 603 4617 de
625 4563 765 4632 (lemanno
785 4567 955 4620 medietatem
998 4565 1141 4637 quamnus
1174 4557 1320 4616 oblivione
1359 4553 1473 4629 repulsa
1519 4550 1624 4610 tuturis
1670 4549 1850 4624 temporibus

124 4632 224 4704 pm
237 4634 267 4688 S·
284 4633 433 4697 ”imiimi
448 4638 474 4689 ⁶⁶
488 4634 547 4688 Μία
562 4633 641 4691 ⁶⁰²¹0·
992 4649 1080 4709 vnulla
1092 4661 1191 4707 rerum
1210 4644 1383 4703 incertitudo
1394 4648 1444 4701 aut
1456 4639 1587 4715 qualibet
1603 4636 1735 4713 jurgium
1754 4634 1849 4695 ambi·

367 4741 461 4811 (rinno
477 4737 554 4809 tuno,
568 4737 585 4797 6
601 4737 688 4809 Maii.)
995 4737 1091 4807 guitas
1104 4737 1266 4807 generetur.
1279 4730 1351 4789 Nam
1363 4735 1390 4787 et
1403 4728 1490 4788 dirus
1500 4726 1656 4800 imperator
1666 4722 1850 4783 iustinianus

996 4826 1148 4897 Augustus
1172 4821 1202 4880 in
1227 4818 1384 4878 centesimo
1406 4814 1579 4889 octogesimo
1599 4820 1700 4871 octavo
1723 4809 1849 4886 capitulo

995 4911 1097 4986 primae
1127 4909 1215 4985 partis
1240 4905 1381 4977 Novella,
1406 4903 1446 4963 ita
1474 4900 1678 4978 promulgavit,
1704 4906 1732 4959 et
1761 4898 1847 4958 talem

994 5002 1086 5075 legem
1115 5000 1203 5071 dedit,
1230 5005 1261 5058 ut
1289 4997 1373 5056 liceat
1403 4994 1530 5055 aeclesiis
1556 4999 1584 5052 et
1610 4991 1675 5049 aliis
1701 4988 1849 5049 venerabi·

83 5074 144 5129 ⁸⁰⁶
162 5074 208 5124 ω’
226 5070 379 5139 “impium
400 5068 544 5138 mimam
564 5068 740 5122 ‘'mmmm“
757 5069 835 5135 ‘'nsi“
854 5069 953 5139 milii
995 5090 1073 5149 libus
1104 5089 1174 5149 loeis
1202 5094 1338 5164 perpetuo
1362 5086 1439 5144 inter
1472 5100 1502 5141 se
1534 5087 1694 5141 contractos
1726 5081 1847 5138 enliteo-

466 5159 578 5215 1Μὶ
994 5195 1058 5238 sens
1090 5180 1146 5253 (sir)
1179 5179 1280 5245 iacere,
1305 5175 1419 5233 decreto
1452 5172 1560 5231 seilicet
1593 5177 1659 5229 ante
1693 5170 1846 5241 celebrato,

120 5267 157 5324 1ss
192 5263 570 5323 ⁰0ffl1110001111ssidt¹⁰0
605 5262 731 5321 Stlttssdt)
769 5259 950 5333 pontificatus
994 5269 1065 5326 duur
1085 5275 1180 5326 tamen
1205 5266 1242 5323 ita
1267 5264 1316 5322 bat
1333 5261 1489 5332 enfiteosis,
1504 5266 1537 5320 ut
1553 5259 1590 5319 ad
1611 5260 1753 5334 privatam
1779 5273 1847 5333 p0s÷

79 5358 195 5419 domni
224 5357 313 5415 nostri
338 5356 497 5415 Alexandri
529 5355 647 5415 secundi
674 5369 766 5429 popm,
791 5351 951 5411 indictione
992 5355 1152 5414 sessionem
1173 5353 1293 5413 omnino
1311 5367 1370 5411 non
1390 5349 1572 5410 excludatur.
1598 5347 1642 5407 Ad
1668 5348 1756 5421 buius
1774 5346 1847 5422 legis

78 5450 200 5524 litim,
217 5462 316 5504 ffltsssss
332 5445 416 5517 Maio,
432 5445 479 5503 die
495 5452 588 5503 sexta.
992 5445 1139 5505 licentiam
1162 5442 1324 5518 excipiatur
1346 5454 1450 5513 magno
1472 5442 1535 5513 (sie)
1553 5435 1847 5512 Constantinopolita-

117 5537 167 5597 Ba
182 5551 251 5609 qum
265 5535 340 5594 inter
353 5535 438 5610 piant
453 5533 627 5594 venerabilia
640 5533 700 5592 lora
713 5531 833 5592 verbum
848 5546 950 5591 conre-
991 5550 1061 5595 nam
1081 5531 1236 5593 Ecclesiam
1255 5527 1499 5607 quemadmodum
1514 5527 1544 5587 in
1563 5527 1756 5587 anterioribus
1773 5541 1846 5585 con·

88 4850 147 4920 [Ex
175 4850 268 4907 ueteri
290 4849 453 4923 apographo
468 4865 556 4923 penes
573 4850 726 4907 carronieos
749 4848 778 4907 S.
804 4850 954 4908 Laurentii

373 4940 408 4999 de
426 4940 579 5009 Florentia,
594 4955 623 4997 n.
638 4938 675 5013 5.]

1996 4976 1999 5041 ²

1995 5124 1998 5185 t

1991 5536 1994 5633 l

1981 5658 1993 5751 l

1752 6134 1755 6140 -
1866 6008 1990 6182 ,l
