4100 6209
103 242 160 304 833
859 252 984 316 SERMO
1001 252 1110 316 xxm.
1805 264 1860 327 ull

103 364 245 437 inhrndit,
261 365 397 441 nihilque
412 367 448 427 de
462 369 588 432 eoelaeha
601 372 683 446 regni
702 374 794 450 gloria
807 375 1072 452 propheta-Amet
1092 380 1200 446 tllottb.
1220 380 1271 452 ru.)
1287 401 1301 430 ι
1318 378 1392 439 Dicit
1410 380 1437 439 ei
1456 379 1607 442 Salvator:
1631 408 1643 439 a
1662 383 1733 446 Sine
1751 387 1855 463 modo;

104 462 165 516 tur.
179 455 293 515 claudit
315 455 393 515 Elias
416 459 523 518 coelunr
544 461 630 520 anuis
651 462 744 523 tribus
765 471 791 523 et
814 467 963 527 mensibus
1002 462 1044 521 sic
1058 464 1710 546 enimdecetnosimplereomnemjustitiam
1724 476 1826 552 libid).
1843 502 1858 532 ι

102 559 156 604 sex
174 549 228 615 (lli
248 548 312 615 aaa.
329 550 423 618 xvh);
440 547 553 608 Eliseus
572 557 704 611 mortuus
725 559 872 614 mortuum
893 556 962 615 vitae
1002 552 1202 627 Aequieacitur
1224 555 1362 632 utrinque
1379 557 1556 618 salutaribus
1575 561 1701 636 monitis,
1720 570 1748 624 et
1764 567 1859 627 accin-

102 633 229 692 restituit
242 637 295 701 (IV
306 638 372 704 ltep.
388 637 449 707 1v);
467 645 495 695 et
511 639 548 696 ab
568 639 613 697 his
635 653 688 698 nec
711 641 756 700 vel
776 643 837 702 ulla
850 644 963 704 adnul-
1001 641 1044 714 git
1060 657 1092 700 se
1107 641 1232 702 lmnnes
1253 644 1287 701 ad
1310 644 1514 719 baptizandum
1538 649 1618 708 etad
1637 652 1856 726 suspiciendum

101 719 163 779 lnla
177 719 270 778 beatae
287 722 445 781 mansionis
467 724 571 784 elucet.
588 726 663 797 Quid
680 725 828 802 plurale
851 731 961 804 princi·
1002 729 1158 790 Dominum
1178 732 1359 807 angelorum.
1379 734 1505 795 Exuitur
1518 738 1699 799 vestimentis
1717 742 1779 803 suis
1795 744 1858 806 llex

102 809 151 884 pio
163 809 269 869 mundi
287 810 429 885 usquead
445 810 585 872 loannem
601 816 800 879 universitatis
819 817 890 876 122
903 822 961 881 hu·
1001 822 1110 895 gloria,
1130 823 1266 898 splendor
1283 823 1416 896 luminis,
1432 833 1461 885 et
1482 828 1577 901 ligura
1604 831 1775 894 substantiae
1793 835 1858 911 Ilei,

102 912 198 956 manae
230 893 407 958 electionem‘
436 901 579 976 recollige,
607 920 660 965 nec
688 907 719 966 in
753 925 887 970 sermone
913 910 961 971 vel
1000 909 1123 971 loannis
1148 913 1285 973 manibus
1306 920 1481 976 attrectatur.
1507 918 1580 978 Caro
1606 920 1658 980 illa
1681 930 1797 999 sumpta
1822 925 1858 985 de

99 1001 187 1061 opera
211 985 292 1045 illias
311 989 469 1048 sanctuarii
487 992 593 1064 poteris
617 997 743 1069 reperire
765 997 959 1061 dulcedinem.
1001 999 1132 1075 Virgine,
1147 1000 1371 1075 candidioreque
1390 1001 1518 1064 derivata
1536 1007 1664 1078 materia,
1683 1011 1812 1072 nudatur
1824 1013 1857 1072 in

102 1074 176 1134 Veni
193 1091 263 1150 ergo
274 1076 310 1136 ad
324 1077 476 1150 loannem,
491 1086 520 1139 ct
534 1082 603 1141 audi
624 1099 723 1144 vocem
746 1086 959 1160 exsultationis,
1000 1091 1134 1164 llumine,
1148 1091 1283 1152 felicibus
1293 1091 1430 1167 Baptistae
1442 1095 1577 1156 manibus
1591 1098 1783 1161 infundenda.
1801 1102 1857 1161 De·

100 1178 202 1222 vocem
229 1164 376 1236 novitatis,
399 1182 501 1227 vocem
517 1169 637 1243 laetitiae,
660 1174 868 1236 miserirordiae
893 1192 961 1236 ver·
1000 1180 1144 1238 scendunt
1159 1180 1274 1255 angeli:
1292 1187 1321 1240 et
1334 1182 1475 1243 coelorum
1490 1186 1607 1259 agmina
1625 1193 1682 1247 tota
1696 1191 1858 1251 reverentia

99 1251 194 1322 bum,
221 1266 385 1312 sermonem
409 1256 519 1329 gloria,
545 1259 647 1331 gratie
672 1260 851 1339 largitatem
882 1265 960 1342 quod
1000 1276 1125 1328 currunt
1154 1268 1190 1328 ad
1213 1271 1386 1341 Creatorem,
1408 1272 1657 1351 baptizantemque
1682 1282 1711 1336 et
1730 1277 1857 1353 baptiza-

99 1337 245 1399 oelarerat
269 1340 356 1413 Deus,
385 1348 510 1405 tacuerat
534 1350 666 1422 augelus,
690 1351 811 1414 latuerat
838 1355 960 1433 patriar·
1000 1365 1064 1419 tum
1090 1357 1271 1417 dominantia
1298 1360 1421 1420 numiaa
1450 1362 1695 1440 circumcingunt.
1723 1366 1858 1427 infundit

100 1431 180 1503 obas,
203 1432 352 1506 prophete
373 1435 558 1497 nescierant:
585 1441 828 1518 ·Poenitentiam,
852 1447 959 1521 inquit,
998 1464 1104 1525 aquam
1132 1448 1217 1523 capiti
1245 1444 1316 1503 128
1341 1448 1483 1510 creatoris
1507 1458 1639 1513 creatura
1665 1456 1800 1528 nobilior,
1829 1461 1859 1517 et

99 1521 195 1595 agite3
210 1521 452 1597 appropinquabit
462 1524 542 1585 enim
557 1543 680 1601 regnum
693 1532 832 1593 caelorum
849 1537 958 1608 (uult.
999 1537 1052 1597 Dei
1066 1538 1203 1598 verticem
1228 1538 1357 1599 mortalis
1375 1539 1494 1600 dextera
1516 1548 1672 1603 contrectat
1694 1550 1723 1604 et
1740 1546 1857 1606 mutin-

100 1616 151 1680 ηιμ.
167 1630 182 1662 s
200 1608 328 1671 Verbum
346 1612 526 1686 penitentie
549 1616 642 1689 dulce,
667 1625 696 1677 et
713 1621 871 1695 gloriosum
894 1640 959 1684 ver·
998 1627 1050 1701 git.
1071 1627 1159 1686 Paret
1182 1625 1311 1698 orelam,
1338 1632 1433 1702 stupet
1461 1634 1547 1701 terra,
1571 1630 1708 1691 lorrlaais
1736 1633 1857 1707 arridet,

99 1697 171 1757 bum
189 1698 272 1773 regni
294 1698 435 1761 coelorum
458 1702 559 1764 laetum
581 1713 609 1765 et
629 1710 819 1784 adorandum,
835 1713 880 1772 illi
904 1715 1145 1801 soliBmiraetur
1157 1716 1322 1791 archangeli
1341 1716 1498 1777 hominum
1518 1717 1644 1780 Sabaoth
1662 1722 1859 1784 intermunus

99 1788 242 1862 primario
261 1792 439 1851 conveniens
461 1793 510 1867 qui
539 1795 652 1870 primus
679 1798 752 1858 Novi
781 1800 957 1865 Testamenti
1002 1806 1173 1880 baptizantis
1188 1805 1311 1865 includi.
1332 1804 1406 1876 Quid
1424 1812 1477 1879 cst,
1497 1806 1816 1872 loanneleherubim
1830 1816 1862 1870 et

98 1879 198 1952 posuit
219 1880 418 1941 tundamenta.
435 1881 505 1942 Haec
517 1892 558 1943 est
574 1884 625 1944 illa
644 1904 714 1961 vox,
728 1890 763 1949 de
786 1908 845 1967 qua
866 1897 959 1955 maxi·
1003 1894 1154 1969 Seraphim
1176 1895 1227 1954 vix
1245 1895 1353 1954 audent
1369 1894 1521 1969 respicere,
1534 1904 1562 1956 et
1578 1902 1610 1956 tu
1630 1900 1744 1960 nudum
1761 1906 1858 1959 euers

101 1983 170 2028 mus
194 1967 245 2029 ille
267 1972 474 2046 contemplator
494 1976 656 2038 eustatium
678 1980 826 2043 visionum
847 1985 877 2043 in
895 1986 959 2047 haec
1001 1985 1174 2061 praesumis!
1190 1984 1246 2044 Hic
1263 1992 1315 2055 est,
1329 1984 1361 2042 in
1380 1999 1469 2060 quem
1489 1986 1654 2047 desiderant
1673 1990 1770 2065 angeli
1790 2004 1856 2065 pro-

102 2057 194 2116 verbe
213 2060 424 2134 prosequitur:
452 2063 515 2123 «Bt
539 2082 598 2125 vox
619 2068 714 2142 prima
736 2085 825 2145 quam
845 2073 957 2148 audiri,
1001 2076 1112 2151 spicere
1135 2079 1161 2144 (Ι
1172 2077 1245 2131 Patr.
1263 2083 1301 2144 υς
1321 2072 1387 2143 cui,
1413 2072 1546 2147 Sanctus,
1575 2084 1702 2150 sanctus,
1726 2085 1856 2151 sanctus,

102 2151 244 2221 tanquam
269 2147 494 2211 citharaedorum
521 2153 754 2219 citharizantium
779 2161 809 2219 in
840 2163 959 2222 citharis
1001 2163 1122 2225 sublimi
1147 2162 1336 2222 melodiarum
1359 2177 1467 2236 organo
1485 2162 1576 2223 beatae
1594 2166 1858 2226 civitatisoonven·

102 2234 167 2294 suis
186 2237 282 2309 (Aper.
296 2239 368 2311 xiv).
384 2262 398 2287 ι
412 2241 437 2297 Α
451 2239 553 2300 diebus
566 2243 639 2304 Adae
652 2260 745 2319 usque
762 2248 797 2307 ad
815 2249 958 2310 loannem
1003 2263 1051 2316 tus
1064 2252 1224 2327 ingeminat
1238 2253 1315 2320 (lsai.
1335 2253 1485 2324 v1;rlpor.
1499 2253 1557 2325 lv),
1577 2253 1630 2328 qui
1644 2254 1725 2315 solus
1747 2254 1858 2314 habitat

101 2340 247 2399 organum
271 2331 403 2385 nostrum
427 2343 543 2387 versam
569 2333 665 2392 estin
691 2349 790 2394 vocem
813 2338 958 2413 dentium,
1002 2344 1097 2405 lacem
1124 2340 1351 2402 inaccessibilem
1376 2346 1395 2411 tl
1423 2346 1493 2399 Tim.
1517 2347 1568 2415 vit,
1597 2343 1739 2406 bonum
1763 2346 1858 2406 riuu-

97 2414 170 2488 qnia
199 2413 242 2473 ibi
270 2421 449 2489 peccatorum
483 2417 666 2494 frequentia,
697 2438 751 2483 nec
780 2427 959 2500 penitentiae
1003 2440 1078 2505 tum,
1102 2432 1179 2492 beas
1206 2431 1403 2502 scientiarum,
1431 2432 1694 2493 misericordiarum
1720 2439 1810 2510 pater,
1828 2439 1857 2494 et

97 2502 192 2575 locus,
212 2503 320 2579 duplex
341 2512 403 2565 erat
421 2507 589 2582 deplorandi
611 2515 741 2573 materia.
763 2514 896 2577 Occidis?
915 2535 960 2578 oc
1003 2531 1034 2584 tu
1056 2538 1113 2582 non
1135 2520 1256 2581 metuist
1275 2520 1341 2580 Tibi
1360 2522 1460 2582 datum
1479 2531 1532 2595 est,
1553 2524 1632 2598 quod
1651 2525 1789 2585 omnibus
1814 2531 1858 2584 est

97 2591 158 2651 cidi
173 2591 297 2664 juberis.
315 2592 438 2654 Sabbata
457 2597 536 2669 ligna
554 2599 692 2675 colligis?
711 2601 831 2677 lapidari
846 2607 960 2681 juberis
1003 2619 1151 2689 negatum,
1180 2612 1323 2687 baptizare
1349 2629 1416 2673 eum
1446 2615 1498 2689 qui
1533 2614 1657 2690 baptizat
1685 2617 1716 2675 in
1746 2613 1858 2692 Spiritu

98 2681 192 2750 (Nm
210 2682 273 2752 XV),
292 2687 320 2739 θῑ
337 2682 398 2754 ῘΗΘ,
417 2684 465 2742 ⁰¹11
486 2686 634 2761 proprian
658 2696 701 2748 est
724 2691 854 2751 misereri
880 2710 959 2753 sem·
1002 2711 1100 2761 sancto
1122 2709 1150 2760 et
1167 2702 1245 2776 igne,
1268 2700 1469 2777 virginemque
1494 2702 1623 2777 Virginis
1643 2704 1754 2764 Filium
1772 2704 1861 2778 virgi·

98 2783 157 2840 per.
167 2775 196 2827 et
209 2783 336 2844 parcere,
352 2770 409 2831 nisi
428 2774 514 2833 lerire
532 2792 589 2836 non
610 2779 701 2839 norit.
717 2779 839 2840 liederu
852 2785 959 2858 quippe
1002 2791 1066 2850 neis
1081 2790 1217 2850 manibus
1230 2789 1365 2850 irrorare.
1390 2791 1480 2851 Totus
1491 2796 1611 2868 astupeo
1625 2793 1792 2868 baptizanti,
1810 2794 1860 2853 bo

96 2857 141 2914 eis
153 2865 298 2932 praecepta
312 2875 371 2920 non
385 2860 461 2920 bona
472 2862 594 2925 traditor
604 2874 826 2942 praceptorum,
840 2876 868 2929 et
876 2871 961 2946 J‘usti·
1003 2876 1171 2953 minemque
1190 2876 1242 2936 llei
1262 2876 1433 2950 magistrum
1454 2893 1597 2952 revereor,
1617 2880 1787 2954 dignantem
1807 2880 1858 2940 ad·

98 2945 248 3006 illationes
277 2948 307 3006 in
341 2950 448 3025 quibus
478 2954 578 3015 vivere
611 2972 668 3016 non
702 2966 816 3033 possent
849 2963 957 3031 (Erech.
1002 2965 1102 3037 miror,
1128 2980 1252 3025 veneror
1284 2964 1494 3040 dignationem,
1526 2977 1556 3027 et
1586 2969 1736 3028 hominem
1771 2968 1857 3029 video

98 3036 166 3107 xx).
193 3034 256 3095 Hoc
282 3043 325 3096 est
350 3039 426 3114 quod
447 3041 545 3114 justus
571 3044 694 3104 miratur
721 3045 842 3107 dicens:
872 3075 886 3099 κ
902 3049 958 3109 Ubi
1002 3051 1171 3113 violentiam
1187 3053 1258 3128 ipsis
1275 3055 1356 3113 omlis
1377 3054 1495 3114 inferre.
1515 3055 1603 3115 Porro
1621 3055 1696 3116 illud
1714 3056 1801 3131 quale
1815 3063 1858 3116 est

98 3126 691 3206 misericordiaetueantiquae,Domine?a
702 3139 959 3215 (Protzxxxvur.)
1001 3157 1060 3217 quo
1074 3141 1106 3201 in
1125 3141 1181 3201 isto
1198 3142 1367 3217 baptismate
1388 3145 1559 3204 terminatur
1578 3144 1637 3216 lex,
1652 3145 1743 3204 duem
1755 3145 1857 3218 accipit

98 3214 227 3275 loannes
242 3223 328 3278 natus
345 3221 470 3280 ostendit
487 3223 733 3286 medicamentum
750 3229 877 3300 vulneri,
891 3244 960 3304 pec·
1000 3229 1148 3304 prophetia
1162 3230 1297 3289 etomnis
1318 3227 1369 3289 illa
1387 3231 1598 3292 sacrificiorum
1618 3232 1774 3293 multitudo
1791 3249 1857 3308 pru·

99 3312 162 3366 cato
176 3308 387 3382 punientiam,
403 3313 518 3372 veniam
544 3314 701 3391 iniquitati.
715 3316 786 3377 Hac
804 3323 847 3378 est
866 3320 960 3393 prima
1000 3319 1133 3393 pulsatur
1155 3326 1183 3377 et
1206 3318 1350 3394 pellitur?
1365 3319 1420 3379 Hic
1438 3321 1540 3394 incipit
1562 3327 1591 3380 et
1607 3322 1754 3382 stabilitur
1774 3337 1858 3382 novae

100 3412 157 3456 vox
171 3413 262 3472 qnam
277 3415 335 3460 vox
353 3402 506 3466 clamantis
524 3405 556 3464 in
574 3406 686 3467 deserto
701 3412 813 3476 (llatth
833 3417 876 3481 111)
890 3425 959 3485 pro·
1001 3406 1227 3482 regenerationis
1247 3408 1430 3482 perduranda
1445 3409 1589 3484 purgatio,
1608 3416 1636 3469 et
1654 3409 1685 3469 in
1700 3426 1790 3470 unam
1806 3410 1859 3469 ba·

99 3486 219 3560 posuit:
239 3511 250 3540 ι
274 3489 311 3547 Et
328 3505 387 3550 vox
402 3493 524 3552 turturis
544 3495 644 3555 audita
663 3503 707 3556 est
724 3498 756 3557 in
771 3505 846 3559 terra
863 3505 960 3559 nostra
1001 3495 1144 3578 ptismatis
1157 3496 1281 3555 iormam
1295 3495 1433 3570 legalium
1453 3504 1604 3557 transeunt
1616 3497 1766 3572 dispendia
1780 3499 1858 3573 ilgu·

100 3580 187 3648 (carrt.
204 3583 276 3647 nt.»
298 3581 342 3639 lix
365 3586 434 3642 lunc
457 3583 537 3642 misit
560 3584 591 3644 in
613 3602 646 3645 os
663 3592 795 3647 nostrum
814 3589 959 3648 canticum
1001 3602 1111 3646 rarum.
1133 3585 1179 3644 Ad
1197 3584 1374 3645 ablutionem
1390 3586 1470 3644 enim
1489 3601 1574 3663 aquae
1592 3594 1620 3646 et
1644 3587 1857 3648 invocationem

100 3684 223 3743 norum,
240 3687 356 3732 carmen
370 3675 429 3734 Deo
447 3681 782 3751 nostro(Peal.xxx1x),
799 3685 828 3739 et
847 3687 962 3739 resonat
1000 3681 1090 3738 sancti
1108 3677 1242 3753 Spiritus,
1260 3677 1397 3752 sepelitur
1411 3678 1558 3738 hircorum
1572 3685 1601 3738 et
1615 3678 1774 3739 vitulorum
1789 3694 1858 3738 san-

100 3762 129 3822 in
144 3779 197 3822 ore
217 3772 316 3824 nostru
330 3766 490 3840 gratiarnm
508 3768 593 3841 acho,
607 3775 637 3829 et
650 3786 707 3830 vox
724 3770 838 3840 laudis;
858 3786 959 3845 super·
999 3766 1170 3842 guinolenta
1191 3767 1361 3840 congeries,
1386 3771 1414 3825 et
1440 3781 1544 3841 peoora
1570 3767 1722 3841 pecoribus
1747 3767 1859 3827 ludaeis

100 3853 246 3913 exaltatur
271 3854 469 3915 misericordia
494 3857 621 3930 judicio,
648 3860 844 3934 peccatoribus
864 3860 959 3936 parci·
1001 3854 1208 3928 relinquimus,
1223 3854 1298 3915 illud
1321 3855 1493 3915 davidicum
1516 3856 1716 3915 attendentes:
1734 3878 1748 3907 r
1766 3854 1859 3916 Holo-

101 3947 157 4012 tur,
190 3948 292 4017 regnat
318 3943 419 4017 pietas,
444 3945 556 4019 justitia
579 3946 791 4020 dissimulatur,
820 3956 849 4008 ct
872 3950 959 4008 mise·
1000 3952 1133 4005 mustum
1148 3951 1176 4003 et
1189 3960 1241 4020 pro
1253 3952 1368 4020 peccato
1382 3961 1441 4005 non
1455 3946 1707 4022 postulastiffrol.
1724 3953 1856 4017 xxrxl.»

102 4031 195 4103 mndi,
214 4048 274 4092 non
301 4032 435 4105 feriendi,
461 4036 570 4110 quaerit
588 4037 768 4097 occasionem
795 4038 960 4097 misericors
1036 4032 1216 4093 Octavusest
1233 4035 1327 4109 prima
1345 4034 1483 4095 revelatio
1503 4035 1539 4094 de
1562 4035 1712 4096 Trinitate.
1732 4038 1760 4096 A
1778 4051 1859 4095 crea·

101 4129 129 4177 et
149 4122 303 4181 miserator
321 4122 473 4182 [lominus.
495 4124 671 4184 citharizant
694 4141 763 4200 ergo
787 4126 818 4185 in
840 4125 960 4186 citharis
1001 4122 1080 4181 tione
1095 4121 1160 4179 caeli
1180 4127 1209 4180 et
1225 4128 1310 4181 terre
1329 4137 1422 4197 usque
1440 4122 1476 4181 ad
1491 4124 1571 4182 bunc
1589 4123 1686 4184 locum
1705 4138 1859 4200 nunquam

102 4207 179 4282 suia,
198 4210 250 4287 qui
270 4209 451 4286 voluptatum
468 4211 640 4274 effusionem
662 4214 842 4289 poenitentiae
860 4214 960 4272 distri·
1001 4211 1128 4271 Trinitas
1150 4210 1320 4272 hominibus
1343 4212 1496 4272 manifeste
1516 4213 1650 4287 apparuit
1664 4258 1671 4286 ,
1684 4212 1735 4272 sed
1758 4227 1857 4273 rerum

103 4298 197 4357 ctione
218 4299 405 4359 reverberant
420 4318 427 4358 ε
442 4307 469 4359 et
485 4299 520 4359 de
544 4303 686 4377 protunda
709 4309 889 4378 peccatorum
907 4318 959 4362 vo·
1000 4308 1029 4359 et
1045 4303 1122 4360 veri
1143 4317 1201 4360 um
1215 4301 1376 4362 involucris
1392 4302 1525 4363 involuta
1542 4303 1599 4363 init
1616 4310 1704 4364 tanta
1721 4303 1859 4364 claritatis

104 4387 202 4462 ragirm
223 4388 406 4463 respirantes,
432 4389 581 4450 Pharaone
604 4390 766 4463 submerso,
789 4393 958 4451 cantantia
1001 4390 1159 4448 aeternitas.
1200 4389 1333 4464 Denique
1369 4392 1544 4450 creationem
1580 4393 1708 4451 bominis
1742 4391 1858 4452 Creator

103 4476 160 4535 viis
180 4477 307 4549 Domini,
333 4480 503 4553 ·quoniam
531 4493 635 4554 magua
660 4486 703 4539 cst
727 4481 819 4555 gloria
843 4453 1101 4540 lloruiniDrerum
1123 4494 1237 4538 summa
1255 4478 1395 4552 dignitate
1413 4479 1643 4539 commendans:
1662 4503 1673 4533 r
1694 4480 1856 4551 Faciamus,

103 4565 190 4629 (Prot.
204 4570 386 4634 cxxxvlii·
433 4623 438 4628 ,
1001 4566 1108 4641 inquit,
1124 4566 1274 4626 hominem
1292 4564 1328 4624 ad
1347 4566 1505 4640 imaginem
1524 4576 1552 4626 et
1566 4567 1789 4628 similitudinem
1803 4584 1857 4626 no·

141 4652 286 4728 Septimus
309 4661 353 4713 est
377 4655 503 4728 dignitas
531 4656 562 4716 in
591 4655 770 4731 baptismate.
798 4656 960 4730 Singularis
1001 4663 1089 4715 stram
1112 4656 1188 4728 (Gerr.
1215 4661 1247 4724 1).
1268 4677 1281 4704 ι
1306 4654 1512 4714 Reverendum
1536 4671 1636 4716 revera
1657 4654 1856 4731 privilegium,

102 4753 220 4813 promus
235 4741 396 4812 humilitas,
415 4741 543 4802 Verbum
566 4757 632 4802 caro
650 4742 769 4816 lactum,
787 4755 815 4805 et
836 4747 866 4804 ia
893 4762 959 4821 per·
1001 4759 1054 4802 nec
1079 4741 1132 4803 ulli
1155 4743 1293 4802 traditum
1314 4748 1463 4802 creaturae.
1483 4743 1603 4804 Creatur
1626 4742 1676 4801 illa
1703 4742 1858 4803 sublimior

101 4826 209 4886 lectum
227 4829 377 4902 egrediens
393 4829 508 4900 virum,
525 4831 623 4889 relicta
641 4831 796 4892 homiuum
816 4833 960 4894 univcrsi-
1001 4832 1193 4892 numerositas
1219 4833 1399 4906 angelorum,
1425 4840 1454 4893 et
1485 4834 1695 4895 elementorum
1722 4833 1856 4893 omnium

102 4920 172 4985 tate,
186 4915 327 4976 loannem
348 4918 465 4992 querit,
486 4919 627 4978 loannem
647 4919 799 4994 desiderat,
815 4923 852 4981 ad
871 4922 960 4981 loan-
1000 4920 1152 4980 ordinatur
1171 4922 1280 4980 variata
1302 4922 1457 4996 connexio,
1481 4921 1533 4981 sed
1554 4922 1761 4998 omnipotentis
1781 4937 1856 4996 pra·

103 5017 173 5061 nem
194 5004 282 5064 vadit
305 5005 456 5067 Terribilis
473 5006 505 5066 in
527 5007 657 5068 consiliis
676 5009 752 5070 Deus
777 5027 865 5085 super
883 5010 960 5071 tilios
1001 5010 1093 5068 sentia
1113 5016 1225 5070 tantum
1248 5026 1321 5086 opus
1341 5012 1399 5072 alta
1418 5012 1611 5071 taciturnitate
1629 5016 1797 5088 prospectat.
1819 5010 1857 5070 Ut

101 5094 258 5155 hominum
276 5098 359 5168 (Psoi.
380 5100 460 5171 axv),
476 5104 651 5174 portansque
672 5101 771 5160 omnia
794 5103 882 5163 verbo
903 5103 960 5162 rir-
1001 5113 1071 5157 vero
1090 5099 1209 5159 venitur
1222 5100 1258 5158 ad
1279 5101 1427 5160 bominem
1452 5107 1478 5160 et
1501 5100 1609 5161 nobilis
1623 5107 1754 5162 creatura
1765 5100 1856 5161 creari

103 5185 176 5243 tutis
190 5200 262 5257 suae,
277 5188 478 5261 purgationem
496 5196 678 5261 peccatorum
697 5191 959 5264 iacienstliebr.1l,
1000 5188 1183 5263 disponitur,
1213 5188 1337 5262 accingit
1361 5204 1392 5247 se
1416 5188 1542 5248 Trinitas
1567 5189 1604 5248 ad
1630 5189 1810 5289 creandum,
1828 5197 1856 5248 et

103 5275 187 5331 venit
200 5291 218 5333 a
232 5275 352 5337 Galilaea
367 5280 399 5336 in
417 5277 573 5338 lordanem
594 5279 629 5338 ad
648 5279 802 5352 loannem,
817 5291 850 5342 ut
865 5283 960 5357 bapti·
999 5278 1155 5337 consilium
1190 5278 1292 5352 accipit
1320 5277 1477 5351 Sapientia,
1505 5287 1536 5338 ut
1564 5283 1703 5338 creamrae
1729 5277 1856 5353 drgurtas

101 5368 218 5422 muctar
233 5365 270 5423 ab
287 5381 332 5425 eo.
355 5364 456 5439 Stupet
477 5366 605 5427 loannes
621 5371 650 5426 et
666 5368 768 5427 timore
785 5370 958 5442 concutitur,
1000 5369 1141 5428 creatoris
1160 5368 1311 5442 privilegio
1334 5367 1411 5426 clara
1434 5382 1497 5426 esse
1520 5373 1705 5428 monstretur.
1730 5367 1789 5428 Nec
1814 5369 1855 5429 ibi

101 5455 256 5526 totumque
286 5453 479 5528 patriarcham
515 5454 649 5514 infinitus
690 5456 793 5515 horror
827 5456 959 5516 insumit.
1001 5466 1096 5518 tamen
1116 5459 1186 5518 satis
1203 5465 1300 5533 aperte
1318 5457 1427 5517 divinae
1445 5457 1601 5532 majestatis
1627 5459 1747 5520 eluxere
1771 5474 1856 5519 voca·

103 5561 120 5589 ι
140 5537 211 5614 Ego,
227 5541 334 5618 inquit,
354 5559 372 5603 a
394 5549 421 5603 te
443 5543 533 5604 debeo
553 5544 702 5624 baptizari,
724 5553 753 5603 et
779 5553 808 5606 tn
829 5547 908 5606 renis
922 5547 958 5609 ad
998 5546 1160 5618 balaeum
1182 5547 1219 5609 ad
1233 5548 1351 5622 angelos
1373 5545 1565 5626 obsequentes
1582 5545 1703 5626 quidam
1729 5548 1856 5614 referant
