4100 6209
239 331 292 397 ott
546 329 576 395 S.
596 327 708 394 ellum
726 321 888 393 usuratu
907 323 1105 392 (CR-PARS
1124 322 1195 392 suti
1213 323 1339 392 robus
1356 325 1397 390 Il.
1415 361 1451 375 -
1470 323 1685 393 SERMONES.
1904 342 1943 404 ild

237 457 497 535 constringendum
523 456 641 530 quidem
667 456 788 515 omnino
816 469 912 514 carcer
938 453 1299 527 sufficeret,Abelluarnm
1322 453 1437 514 excedit
1460 452 1612 513 saevitiam.
1642 451 1780 515 Stoliditas
1807 462 1851 520 tua
1871 462 1942 538 ipsam

237 549 352 609 etiamsi
375 556 476 608 catena
497 543 876 618 deesse13adpunicndum
897 551 995 603 antem
1008 543 1092 604 suffi-
1133 544 1350 632 insensibilium
1376 559 1474 603 rerum
1496 551 1651 617 exsuperat
1672 544 1857 617 ignorantiam.
1875 549 1942 613 inter·

237 645 314 699 oeret
326 638 404 712 ignis
418 652 514 712 poena,
534 634 646 694 etiamsi
662 633 748 692 lamis
769 639 892 692 cessaret
910 632 1018 707 inopia.
1036 632 1092 692 Sed
1133 648 1203 707 roga
1214 639 1317 692 naums
1332 638 1409 704 tuos,
1426 632 1504 691 disoe
1517 636 1631 691 furores
1649 637 1721 692 tuns.

239 729 288 789 cui
303 733 417 787 terrena
430 741 494 786 esea
507 725 697 789 subtrabitur,
724 724 889 783 caelestibus
907 724 1001 799 epulis
1014 740 1092 783 enu—
1169 724 1252 797 Ecce,
1270 723 1320 783 ubi
1340 723 1395 798 ipsi
1415 723 1466 782 vix
1485 723 1600 782 tandem
1629 721 1777 783 laborando
1793 726 1881 787 solutis
1894 729 1942 789 bra·

237 819 333 878 tritur.
349 816 386 875 Et
406 815 501 875 metus
522 829 611 889 quem
631 811 740 885 judicis
762 809 895 887 impietas
919 821 1012 887 negat,
1040 812 1093 871 Dei
1133 811 1207 871 chiis
1227 819 1360 886 pereunt,
1386 810 1477 870 nostri
1502 810 1582 884 ligati
1603 810 1722 886 jacendo
1743 819 1770 870 et
1787 813 1881 889 absque
1899 817 1942 876 ulla

234 904 353 980 largitas
374 902 566 962 administrat.
594 901 630 960 Et
659 901 736 975 quod
762 917 819 959 non
844 899 947 959 tribuit
967 916 1094 959 carcera-
1134 899 1265 959 molestia
1289 900 1335 959 sui
1360 900 1469 958 laboris
1492 898 1628 958 eradunt.
1655 897 1756 959 Milites
1776 909 1869 972 autem,
1885 911 1907 963 et
1925 907 1943 964 si

236 992 308 1065 rius,
333 992 465 1052 minister
487 991 616 1050 hominis
630 989 722 1049 lactus
735 989 854 1048 exhibet
867 988 999 1063 angens.
1029 992 1091 1047 An·
1132 1005 1193 1050 non
1208 997 1340 1065 pereunt,
1356 989 1409 1049 tibi
1424 996 1521 1049 tamen
1536 987 1669 1047 lunditus
1682 996 1806 1063 pereunt.
1821 989 1882 1050 Nam
1894 994 1944 1067 iure

235 1082 316 1157 gelus
339 1080 417 1139 enim
435 1078 552 1138 Domini
573 1085 656 1136 nocte
674 1078 795 1136 veniens
817 1077 853 1135 ad
869 1093 949 1150 eum,
965 1078 1092 1138 ridenti-
1132 1081 1248 1144 dicendi
1261 1080 1361 1139 lideles
1375 1081 1543 1154 transfugae,
1565 1082 1663 1152 utpote
1682 1079 1818 1139 venientes
1829 1080 1942 1154 adbden,

235 1170 290 1230 bns
309 1169 478 1230 custodibus
499 1167 579 1242 pavit
592 1173 620 1225 et
634 1167 815 1226 confortarit.
838 1165 930 1235 Quam
953 1166 1092 1226 deliciosa
1133 1171 1272 1245 abjuratis
1294 1169 1427 1245 praesidis
1450 1169 1549 1243 armis,
1563 1174 1725 1244 sequuntur
1746 1167 1862 1228 militiam
1877 1185 1943 1229 exsu-

236 1258 313 1318 iame
339 1257 488 1331 affligitur,
516 1256 567 1330 qui
594 1253 718 1313 coelestis
753 1254 944 1328 promptuarii
968 1254 1092 1329 dapibus
1133 1258 1179 1318 lis.
1197 1259 1291 1319 Aiunt
1307 1259 1386 1318 enim
1400 1259 1436 1318 ad
1450 1274 1519 1318 eum
1533 1256 1643 1317 milites
1656 1255 1797 1316 :bomine
1814 1257 1889 1326 Pater,
1902 1273 1943 1332 ouo

237 1348 368 1418 satiatur,
388 1345 435 1406 cni
455 1344 562 1403 coeium
584 1344 616 1401 lit
639 1342 801 1414 cellarium,
826 1342 950 1402 coelestis
972 1359 1092 1418 promus
1133 1346 1350 1417 ibimusiQuid
1364 1347 1527 1406 iaciemus?
1541 1343 1654 1415 Quibus
1671 1344 1732 1403 ait:
1749 1343 1942 1420 baptizamioiin

237 1437 356 1497 exhibet
380 1433 586 1494 ministerium.
606 1432 699 1504 Quam
723 1432 842 1491 feliciter
864 1432 954 1491 miser
972 1437 1025 1504 est,
1040 1434 1093 1509 qui
1133 1433 1252 1496 nomine
1278 1433 1358 1504 Jesu,
1385 1439 1414 1492 et
1439 1433 1553 1493 vivetis.
1581 1430 1638 1502 Qui
1665 1430 1759 1490 statim
1786 1433 1944 1493 mnuntiantec
1997 1431 1998 1446 ¹

237 1525 310 1584 dum
331 1523 454 1582 terrenis
476 1527 541 1596 eget
556 1519 723 1595 impendiis,
739 1519 878 1592 angelicis
900 1520 1022 1581 lulcitnr
1044 1522 1093 1581 ob.
1132 1522 1229 1592 idolis,
1255 1521 1389 1597 baptisati
1411 1522 1535 1583 suntin
1558 1521 1679 1581 nomine
1700 1519 1798 1593 Patris,
1815 1520 1944 1594 cilitiiet
1996 1453 1998 1568 l

238 1611 362 1685 sequiis3
391 1611 440 1670 cni
464 1609 586 1669 xenium
614 1608 756 1668 divinitus
781 1607 915 1680 mittitur,
942 1608 1092 1685 angelicus
1136 1610 1264 1688 Spiritus
1278 1611 1379 1672 sancti.
1996 1573 1998 1664 l

239 1697 432 1757 ministratur.
1169 1700 1228 1761 Nos
1248 1708 1357 1774 antem,
1373 1701 1478 1761 iratres
1495 1698 1689 1772 dilectissimi,
1705 1698 1754 1774 qui
1769 1699 1945 1760 redatenite

277 1784 332 1844 Sed
358 1800 376 1843 o
400 1797 489 1857 uuam
518 1783 674 1859 pulchrum
700 1783 906 1857 spectaculum,
927 1792 956 1844 et
983 1792 1094 1859 quanta
1103 1806 1203 1876 prum
1219 1790 1278 1851 ileo
1288 1795 1415 1863 auctore,
1430 1789 1640 1866 cognorimus3
1657 1788 1708 1864 qui
1722 1794 1761 1847 tot
1771 1788 1891 1850 virtutum
1911 1790 1945 1848 in·

240 1875 433 1951 spectantium
471 1873 662 1932 admiratione
684 1872 911 1948 dignissimuml
938 1889 1006 1933 cum
1034 1880 1093 1934 tam
1136 1880 1232 1955 signia
1255 1895 1316 1954 praa
1336 1878 1429 1938 oculis
1450 1877 1552 1952 posita,
1567 1875 1604 1936 ad
1627 1875 1791 1951 exemplum
1815 1875 1945 1935 imihhonis

238 1970 356 2023 strenue
379 1961 442 2021 dux
465 1962 669 2036 imperatorem
693 1962 836 2037 sequitur,
863 1969 973 2044 martpr
995 1978 1093 2037 regem
1137 1968 1290 2038 habemus,
1313 1967 1482 2026 studeamus
1505 1965 1542 2025 ad
1569 1963 1654 2024 illam
1674 1962 1864 2023 beatitudinem
1887 1962 1945 2022 ornni

237 2052 378 2113 imitatur.
393 2051 463 2123 Qum
488 2050 566 2109 enim
590 2056 684 2124 posset
707 2048 743 2107 ab
766 2049 849 2110 illius
867 2051 1023 2125 spectaculi
1047 2054 1095 2112 ri·
1137 2055 1279 2117 desiderio
1304 2054 1431 2127 tendere,
1447 2055 1479 2114 in
1506 2070 1564 2129 qna
1582 2054 1646 2129 J'am
1670 2050 1945 2125 norimustriumpba·

239 2144 321 2204 mone
340 2144 460 2203 satiatus
480 2140 643 2212 abscedere,
660 2140 684 2199 si
699 2142 735 2199 ad
758 2140 915 2201 vivendum
936 2143 1015 2218 quod
1034 2158 1092 2202 non
1137 2149 1213 2204 tores
1229 2142 1332 2202 mundi
1347 2142 1384 2201 de
1396 2142 1529 2202 laborum
1543 2143 1669 2201 odorum
1683 2138 1890 2201 remuneratione
1897 2153 1947 2211 gau

238 2232 401 2302 ridebatur,
425 2230 536 2291 clarum
557 2230 664 2288 mentis
684 2229 803 2289 oculum
820 2231 959 2303 potuisset
977 2232 1093 2305 babere,
1137 2232 1215 2292 dere.
1231 2231 1340 2291 Eorum
1362 2229 1484 2305 vestigia
1506 2235 1661 2289 mnesmus
1680 2229 1710 2288 in
1732 2229 1784 2300 ria,
1799 2240 1947 2301 quorunso
1997 2269 1998 2296 ,

238 2336 306 2381 cum
323 2327 453 2380 cerneret
474 2318 701 2379 invictissimum
726 2318 893 2379 bellatorem
917 2320 1035 2394 Christi,
1063 2321 1094 2379 in
1137 2321 1269 2380 cietatem
1300 2320 1408 2379 habere
1440 2318 1642 2378 desideramus
1671 2317 1704 2377 in
1732 2317 1829 2393 patria.
1852 2313 1947 2376 Proiecto
1997 2393 1998 2398 ἵ

239 2412 362 2471 carcaria
385 2409 696 2481 horroreronclusum,
712 2424 799 2483 quem
815 2416 873 2468 tam
889 2410 1023 2469 alacriter
1039 2427 1095 2470 ex·
1137 2409 1199 2469 illic
1215 2409 1413 2484 erimusquod
1426 2415 1503 2480 sunt,
1519 2409 1543 2467 si
1559 2404 1947 2482 hicluerimusquodluerunt
1997 2411 1998 2434 ι

239 2500 383 2573 spectabat
404 2497 639 2574 splendidissima
660 2498 727 2556 aula
744 2498 826 2572 regni
840 2498 980 2557 coelorum
992 2498 1006 2557 i
1020 2496 1095 2559 Cum
1138 2499 1212 2559 Nam
1230 2499 1255 2557 si
1274 2498 1476 2572 compatimur,
1499 2504 1528 2557 et
1541 2496 1793 2573 conregnabimus,
1813 2494 1836 2554 si
1856 2507 1948 2553 commo

238 2590 379 2665 aspiceret
400 2587 494 2647 civem
505 2587 571 2645 coeli
584 2602 652 2646 cum
674 2592 754 2646 tanto
779 2588 927 2661 triumpho
942 2587 978 2646 de
990 2588 1096 2648 exsilio
1139 2588 1242 2658 rimur,
1256 2593 1285 2647 et
1300 2586 1492 2647 convivemus
1508 2589 1551 2656 (11-
1567 2589 1639 2643 Tim.
1657 2589 1688 2657 ι).
1710 2605 1725 2640 s
1743 2582 1815 2643 litei
1836 2582 1948 2655 complan-

240 2678 277 2737 ad
297 2677 420 2752 patriam
440 2676 587 2735 revomri‘l
603 2676 677 2734 Cum
701 2676 813 2734 rideret
834 2676 941 2735 Christi
961 2677 1096 2751 militem,
1139 2669 1190 2736 ta'ti
1206 2676 1272 2734 lacti
1297 2690 1399 2734 sumus
1422 2673 1610 2733 similitudini
1636 2672 1738 2732 mortis
1756 2669 1867 2742 Domini,
1885 2667 1948 2728 mnu

242 2771 299 2823 tam
324 2769 455 2838 potenter
480 2763 593 2822 devicto
617 2763 739 2835 mundo,
764 2779 853 2837 regna
879 2763 990 2825 siderea
1011 2779 1099 2840 pene
1138 2774 1167 2828 et
1180 2765 1401 2828 resurrectionis
1418 2766 1529 2825 erimus
1542 2767 1629 2838 (Rom.
1648 2767 1729 2837 vd.»

240 2856 388 2915 tranteml
401 2853 609 2913 Verumtamen
620 2853 715 2912 adhuc
727 2853 869 2925 differtur,
888 2853 984 2913 adhuc
996 2856 1029 2913 in
1043 2871 1097 2914 ex·
1175 2856 1239 2915 Non
1263 2870 1331 2929 ergo
1354 2854 1522 2914 dividamur
1532 2854 1563 2912 in
1577 2853 1696 2927 itinere,
1712 2853 1736 2912 si
1752 2851 1830 2929 jungi
1848 2847 1949 2910 rolunut

240 2942 307 3002 silio
327 2941 481 3010 retinetur;
508 2945 542 2999 ut
570 2940 713 2998 redeundi
739 2939 775 2998 ad
800 2940 922 3013 patriam
946 2943 1038 3015 magis
1064 2958 1098 3001 ac
1139 2945 1171 3004 in
1185 2944 1382 3018 perventione.
1399 2944 1631 3005 Nonabborraat
1650 2951 1847 3005 momentanee
1858 2937 1949 3015 potionis

240 3030 333 3105 magis
354 3027 531 3089 desiderium
550 3036 699 3104 augeatur.
723 3028 787 3088 Non
803 3030 882 3089 enim
897 3035 989 3090 cessat
1002 3031 1098 3092 adbuc
1139 3033 1367 3094 amaritudinem
1382 3034 1491 3107 bibere,
1508 3035 1559 3109 uui
1572 3034 1609 3093 ad
1624 3041 1772 3109 perpetue
1789 3024 1949 3090 incolumitatis

241 3119 375 3178 diabolus
385 3133 436 3192 per
445 3117 597 3177 vasculum
610 3132 697 3177 suum
711 3117 879 3178 immaniter
890 3120 1024 3194 tremere,
1037 3137 1096 3180 non
1140 3122 1326 3183 dulcedinem
1353 3123 1496 3184 desiderat
1521 3123 1688 3198 pervenire.
1717 3121 1771 3193 Qui
1799 3118 1852 3180 rult
1873 3112 1948 3176 mort

241 3217 333 3270 cassat
344 3208 442 3268 adhuc
454 3214 574 3268 cruenta
587 3205 679 3267 bestia
693 3207 758 3266 tntis
772 3206 892 3267 malitias
907 3226 969 3269 suae
984 3210 1097 3270 viribus
1138 3212 1215 3271 iuter
1236 3211 1344 3271 milites
1366 3210 1483 3285 Christi,
1508 3226 1589 3271 nunc
1614 3227 1649 3271 se
1671 3212 1796 3287 accingat
1814 3199 1949 3268 viriliterad

240 3299 316 3359 circa
340 3298 446 3360 Christi
468 3303 624 3371 martyrem
650 3295 789 3356 insanire.
810 3297 884 3356 Nam
903 3314 968 3358 eece
991 3299 1098 3360 iterum
1138 3303 1316 3374 conflictum,
1329 3309 1363 3363 ut
1381 3309 1445 3378 post
1462 3307 1606 3377 peractam
1626 3301 1764 3361 militiam
1782 3300 1861 3359 berte
1874 3292 1950 3371 duell

242 3395 398 3462 menalus,
412 3389 488 3448 sicut
513 3387 550 3446 de
567 3401 679 3446 carcere
704 3386 837 3459 trabitur,
863 3387 895 3446 in
918 3389 987 3447 nari
1012 3389 1098 3464 poni-
1138 3392 1258 3467 accipiat
1282 3392 1512 3467 municipatum
1536 3406 1617 3451 nnnc
1636 3407 1670 3453 se
1689 3395 1822 3467 praeparet
1841 3379 1950 3459 mostell
1996 3405 1997 3410 ’

242 3487 300 3554 tur,
330 3474 401 3535 162
430 3477 462 3536 in
489 3475 628 3535 exsilium
653 3476 789 3550 mittitur,
815 3477 920 3538 deinde
946 3483 1099 3553 tempestas
1139 3488 1172 3542 ut
1195 3483 1298 3542 merito
1325 3481 1419 3541 ratem
1443 3487 1505 3555 post
1531 3479 1687 3541 victoriam
1716 3478 1838 3541 coronari
1856 3495 1862 3533 :
1880 3495 1890 3525 ι
1905 3471 1951 3530 llol
1996 3479 1997 3494 ¹

242 3571 347 3640 oritur,
363 3566 447 3626 navis
463 3565 619 3640 frangitur,
634 3571 732 3626 nautae
745 3581 848 3627 omnes
865 3567 1017 3642 naufragio
1035 3583 1100 3628 mo·
1139 3572 1219 3631 euim
1254 3569 1450 3641 coronabitur,
1489 3568 1549 3629 nisi
1589 3570 1643 3644 oui
1682 3569 1806 3645 legitime
1838 3555 1952 3623 montel
1996 3627 1997 3656 ¹

243 3658 382 3719 riuntnr:
400 3657 500 3716 beatus
526 3661 637 3730 martyr
657 3673 725 3717 cum
746 3657 841 3718 tribus
860 3658 924 3719 suis
942 3658 1054 3719 clericis
1072 3665 1101 3718 et
1140 3662 1159 3734 (l
1186 3663 1257 3722 Tim.
1280 3661 1322 3734 11).
1351 3681 1363 3713 ι
1395 3659 1467 3719 Nam
1494 3657 1638 3720 delicatus
1668 3656 1740 3716 168
1762 3665 1802 3719 est
1822 3647 1952 3725 numini

243 3747 359 3807 duobus
374 3744 517 3805 militibus
530 3743 678 3804 liberatur.
1140 3750 1222 3825 prius
1237 3748 1300 3810 rult
1314 3750 1441 3820 vincere,
1460 3747 1685 3824 quamiucipiat
1698 3742 1895 3818 dimicarent
1908 3737 1953 3797 illl

279 3834 354 3907 Quid
379 3840 421 3894 est
444 3833 509 3902 hoc,
535 3832 715 3894 Messalina?
743 3836 802 3895 Cur
826 3835 932 3897 iterum
967 3835 1101 3898 insanis?
1140 3838 1205 3899 sine
1225 3854 1324 3915 pugna
1346 3838 1506 3911 victoriam,
1518 3844 1569 3897 aut
1590 3837 1657 3898 sine
1681 3837 1798 3898 victoria
1818 3824 1952 3894 anhelatal

244 3922 304 3984 Cur
317 3923 424 3982 iterum
437 3920 564 3996 desipisr
577 3921 614 3980 Et
626 3924 733 3984 amisso
746 3924 866 3984 rationis
883 3925 1014 3997 consilio,
1028 3926 1100 4000 quid
1140 3930 1278 4006 palmam.
1308 3929 1420 3990 Stultus
1444 3933 1487 3988 est
1511 3927 1662 4005 agricola,
1688 3929 1740 4005 qui
1762 3926 1821 3988 rult
1845 3923 1953 3997 turgent&

244 4009 481 4071 irrationabiliter
501 4010 600 4082 iacias,
613 4026 673 4071 non
698 4011 845 4073 odendis?
867 4013 932 4087 Eia,
954 4030 1033 4089 rogo,
1055 4016 1103 4076 dic
1141 4034 1266 4080 uvarum
1290 4018 1386 4079 botros
1409 4019 1444 4076 de
1461 4016 1520 4077 rite
1543 4016 1675 4079 suaviter
1692 4033 1814 4093 carpere,
1825 4021 1850 4075 et
1866 4004 1953 4084 oaldi

246 4099 330 4171 mihi,
346 4099 413 4173 quis
428 4103 520 4173 potest
542 4098 675 4160 exsulem
691 4100 723 4159 in
737 4102 875 4162 exsilium
894 4104 1018 4177 mittere,
1034 4105 1103 4180 quis
1141 4108 1335 4183 propaginum
1357 4105 1490 4166 surculos
1514 4104 1658 4166 laboriose
1679 4108 1817 4181 plantare
1835 4099 1900 4174 cupit
1913 4096 1953 4154 int·

244 4189 431 4264 peregrinum
454 4200 573 4261 peregre
594 4186 762 4250 destinare?
785 4191 985 4253 Antiochenus
1011 4200 1104 4268 potest
1143 4199 1221 4273 plere
1236 4197 1371 4272 frugibus
1383 4197 1531 4268 horreum,
1545 4211 1604 4255 non
1619 4212 1728 4257 curans
1752 4193 1871 4256 excolere
1880 4185 1954 4247 inber

245 4278 283 4336 de
304 4277 444 4336 Ravenna
462 4275 495 4333 in
513 4273 652 4333 exsilium
670 4275 777 4350 dirigi?
796 4277 951 4339 Orientalis
971 4282 1008 4339 de
1027 4281 1103 4340 occi-
1143 4293 1309 4364 rescentem
1328 4286 1465 4362 vepribus
1477 4301 1590 4362 agrum.
1608 4286 1669 4360 Sic,
1685 4289 1786 4348 iratres
1798 4284 1848 4345 mei
1860 4275 1954 4341 ubete

246 4365 314 4440 duis
340 4364 449 4424 linibus
470 4361 636 4437 deportari?
656 4363 712 4424 Sed
731 4363 803 4424 dum
820 4367 891 4426 lacis
908 4370 1052 4442 exsulem,
1068 4370 1104 4430 si·
1143 4377 1221 4450 simi,
1237 4382 1390 4452 angustam
1407 4375 1492 4435 nobis
1503 4375 1630 4451 expedit,
1645 4385 1675 4437 et
1694 4376 1785 4454 asperi
1801 4367 1953 4436 laborisriau
1995 4397 1996 4456 p

245 4454 366 4530 gnilicas
395 4452 498 4511 civem.
525 4451 561 4509 lit
587 4466 654 4510 cnm
682 4454 749 4528 jure
773 4454 943 4529 postliminii
967 4473 1101 4519 reversus
1143 4481 1212 4525 cum
1236 4465 1342 4525 sanctis
1367 4465 1398 4525 in
1423 4465 1478 4524 boc
1500 4463 1610 4525 saeculo
1627 4482 1756 4541 carpere,
1771 4465 1795 4525 si
1812 4457 1954 4540 postmodun

247 4541 345 4613 suelli,
361 4541 393 4599 ΠΙ
411 4538 531 4637 nihilist}
549 4540 722 4600 fflssdlllffllifl
741 4541 849 4616 ῑὶῑιῑΙῠθ,
869 4544 977 4617 lilibus
995 4523 1278 4621 dehoc-Dvolumus
1292 4554 1327 4613 ad
1339 4569 1439 4614 eorum
1453 4553 1553 4629 gaudii
1567 4552 1751 4615 latitudinem
1767 4549 1905 4631 pervenire.
1916 4539 1955 4612 om

247 4638 322 4691 lalus
344 4629 449 4701 luerat·
474 4627 586 4702 ledlbllss
608 4629 756 4688 fefflssdbil·
769 4629 806 4688 Εῑ
829 4639 904 4691 celle
924 4633 949 4691 Si
968 4633 1013 4693 vlt
1031 4649 1099 4693 ιιι]-
1142 4641 1507 4703 enimdicitseinChristo
1518 4630 1955 4717 manere,debet,sicutitteanbr

244 4726 310 4778 ctus
330 4717 469 4778 exsilium
494 4718 648 4790 timuisset,
675 4718 844 4780 Ravennam
867 4738 961 4798 usque
981 4725 1017 4783 de
1041 4725 1101 4783 An·
1141 4731 1222 4804 lavit,
1240 4736 1268 4790 et
1286 4731 1348 4806 ipse
1367 4730 1518 4790 ambulare
1545 4733 1634 4805 (Joon.
1652 4732 1695 4804 ιι.)
1715 4729 1815 4793 Procul
1830 4723 1905 4787 dubio
1918 4731 1955 4777 au·

247 4806 352 4867 tiochia
379 4820 438 4866 non
462 4809 598 4867 venisset.
627 4805 774 4868 Postremo
801 4826 887 4884 quem
916 4812 1033 4886 longius
1057 4814 1100 4873 ire
1142 4826 1235 4880 terna
1262 4819 1391 4896 vestigiis
1410 4818 1516 4879 Christi
1539 4820 1691 4896 exorbitat,
1706 4821 1757 4898 qui
1780 4821 1910 4895 angustam
1924 4808 1956 4867 lu·

245 4895 404 4973 compellis,
412 4912 466 4956 cur
491 4903 657 4956 catenarum
678 4898 803 4958 nexibus
825 4915 884 4959 non
907 4901 1100 4962 absolvislsi
1142 4911 1233 4987 giem,
1254 4909 1416 4970 latitudinis
1441 4911 1519 4970 viam
1540 4911 1630 4973 carcat
1652 4936 1659 4971 :
1687 4936 1699 4966 .
1724 4912 1778 4972 1³01·
1795 4909 1887 4970 murras
1900 4897 1956 4962 enin

243 4985 290 5046 ris
308 4991 415 5057 tenere,
433 5001 485 5045 cur
502 4985 646 5044 mittitur?
660 4983 691 5046 st
703 4986 748 5045 ris
761 4987 883 5061 mittere,
899 5005 952 5050 cur
969 4990 1101 5066 ligaturi
1143 4997 1343 5058 tribulationes
1370 5003 1481 5073 oportet
1507 5012 1561 5058 nos
1587 4998 1708 5060 introire
1732 5000 1763 5058 in
1788 5008 1896 5073 ragnum
1920 4983 1956 5046 bei

244 5077 375 5137 maxime
391 5091 460 5137 cnm
476 5084 586 5135 catenae
600 5083 659 5137 tuae
673 5093 731 5137 non
744 5078 837 5153 magis
854 5081 979 5141 nexibus
998 5081 1099 5156 ligent,
1142 5088 1213 5162 (Aet.
1235 5088 1308 5162 xiv).
1334 5111 1348 5140 υ
1367 5087 1449 5159 Ecce,
1474 5086 1509 5146 B.
1532 5087 1721 5163 Apollinaris,
1735 5088 1814 5163 cujus
1831 5081 1903 5146 botlie
1919 5087 1957 5134 ml

244 5183 332 5243 quam
350 5167 529 5243 ponderibus
546 5169 690 5242 gravent?
708 5168 841 5240 licentra,
856 5170 909 5231 ubi
923 5187 1002 5232 mare
1016 5172 1101 5233 detu-
1142 5175 1247 5236 festiva
1260 5175 1323 5235 dies
1337 5174 1447 5248 illuxit,
1462 5191 1523 5235 non
1537 5181 1664 5239 terrenos
1679 5179 1801 5239 bonores
1816 5171 1956 5239 roltlblll

245 5257 356 5329 messit,
369 5263 399 5316 tu
419 5255 548 5327 indaris;
560 5256 612 5315 ubi
626 5263 733 5317 ventus
750 5257 812 5317 rim
830 5266 979 5334 temperat,
993 5267 1024 5321 tu
1040 5263 1101 5338 spi·
1142 5265 1258 5325 fallaces
1271 5264 1389 5324 divitias
1400 5266 1594 5339 congregarit,
1610 5281 1667 5325 non
1686 5265 1789 5327 mundi
1805 5260 1909 5340 piudan
1921 5265 1957 5329 ll*

245 5344 369 5416 ras3ubi
386 5345 483 5406 Eurus
496 5351 597 5417 cessat,
613 5346 771 5419 tusutilas;
790 5363 877 5422 quem
896 5351 1021 5423 procella
1038 5365 1101 5410 me·
1142 5354 1198 5427 tiit,
1223 5369 1281 5413 non
1305 5353 1478 5413 transitoriae
1504 5354 1692 5429 possessionis
1714 5353 1821 5431 praedia
1839 5342 1956 5410 habult
1994 5405 1995 5434 ,

247 5430 303 5491 tull
323 5439 509 5508 margareta
529 5449 588 5494 non
605 5434 720 5495 dubitas
736 5435 769 5496 in
788 5438 911 5513 equuleo
929 5438 1100 5511 sublevare3
1142 5440 1319 5517 propinquos
1339 5442 1457 5516 sprevit,
1482 5442 1608 5517 patriam
1629 5441 1792 5519 dereliquit,
1808 5433 1957 5508 emorimur
1994 5455 1995 5468 ι

246 5535 335 5597 quem
352 5521 456 5596 frigida
473 5523 527 5583 ria
543 5524 630 5583 audet
645 5525 724 5584 unda
742 5526 924 5601 pertundere,
941 5536 972 5591 tu
986 5544 1046 5590 non
1063 5528 1102 5589 ti·
1142 5543 1258 5605 qnoque
1271 5529 1404 5591 ineditus
1414 5528 1583 5606 abnegarit3
1597 5531 1633 5591 ad
1644 5535 1808 5591 extremum
1819 5528 1959 5604 quoqneptt
1994 5573 1995 5588 ,

246 5623 309 5671 mes
330 5609 415 5685 anuis
434 5610 617 5674 terremibus
631 5612 751 5675 elixare.
767 5615 859 5677 Furor
881 5625 951 5681 tuus
967 5620 1101 5682 omnium
1143 5622 1264 5699 terrum,
1277 5641 1328 5701 per
1350 5623 1473 5701 gladios,
1487 5640 1540 5702 per
1563 5625 1631 5701 tela,
1652 5637 1710 5703 per
1732 5622 1822 5699 ignes,
1838 5632 1883 5696 pet
1897 5619 1965 5675 llll
1994 5609 1995 5618 ’
