4100 6209
181 449 246 510 ’0118
492 446 523 503 8.
541 442 645 503 retut
663 441 803 532 Drlffldlil
819 440 895 500 ΟΡΡ.
915 438 1005 496 PARS
1019 439 1085 497 SEU
1106 441 1224 500 tonus
1237 439 1522 499 tt.-st;tttt0tllis.
1772 444 1827 502 art
1853 426 1860 435 ⁸

189 566 276 624 naluit
296 561 366 635 (tra.
385 562 465 633 corrig
485 560 544 630 lpse
559 546 612 627 cst,
639 557 687 630 oni
700 565 729 614 et
746 543 1019 627 alsurlit'peccataa
1034 564 1108 622 tem:
1137 556 1217 613 docet
1238 555 1300 623 iste,
1323 570 1404 628 quarn
1429 555 1593 627 perdiderat,
1608 570 1687 614 orem
1710 560 1829 631 scapnlis

190 657 284 715 mundi
306 655 397 727 (loon.
420 652 452 724 ι).
479 648 710 722 erpunagernrins
730 648 831 722 qnippe
851 648 984 719 septimos
1035 648 1188 720 impositam
1210 649 1245 704 ad
1269 646 1340 705 ovile
1363 647 1503 726 proprium
1526 651 1698 706 revocantem
1716 649 1827 721 (lintri.

192 762 332 812 numerus,
344 759 425 816 quem
439 741 528 799 Lucas
536 740 638 813 posuit,
649 740 836 799 rescissionem
849 737 985 806 ngntucru
1034 753 1124 805 ιιιιι;
1144 737 1210 793 dac.
1236 737 1293 810 ιι).
1310 737 1357 795 lile
1369 737 1494 810 perhibet
1507 739 1682 797 descendisse
1692 740 1828 798 medicum

190 847 380 914 peccatorum,
395 835 468 893 sicut
483 832 541 905 ipso
563 832 694 889 Dominus
708 829 807 895 innuit,
828 842 890 885 cum
902 825 984 884 Petm
1033 830 1069 886 ad
1089 838 1224 902 egrotos3
1248 827 1349 885 latetur
1371 829 1424 887 iste
1446 831 1481 887 ad
1505 830 1697 891 lrsoolomitatis
1719 839 1829 891 uerna

190 927 323 1002 quaerenti
342 926 449 998 qrmtles
466 931 559 980 essent
588 920 749 980 dimittenda
764 917 842 976 tratri
861 926 983 988 peecata,
1034 919 1131 991 ginon
1157 933 1249 976 securo
1272 934 1323 977 nos
1342 920 1484 978 reduxisse
1506 931 1630 980 moetos.
1642 922 1769 981 Ostendit
1783 924 1829 981 ille

190 1017 347 1092 respondit:
370 1033 380 1068 r
403 1016 469 1080 ilico
484 1013 532 1069 tilri
555 1025 617 1068 non,
630 1017 736 1065 ta'nnrm
750 1007 862 1080 septies.
875 1005 923 1063 sed
937 1019 983 1061 us·
1034 1010 1121 1066 solnm
1136 1008 1309 1084 Unigenitum
1330 1026 1346 1066 a
1370 1012 1451 1069 Patre
1469 1013 1504 1069 ad
1520 1029 1570 1071 nos
1584 1015 1697 1072 missum
1713 1030 1721 1083 ;
1749 1019 1829 1075 docet

189 1127 243 1185 qne
259 1109 412 1181 septuagies
421 1107 522 1178 septies
532 1103 642 1167 (liutti-
658 1100 746 1173 xttttl·
774 1118 784 1152 1
805 1096 984 1163 Netmifflm.
1034 1102 1228 1175 isteqnnniam
1253 1107 1288 1159 ad
1316 1105 1458 1162 coelestem
1485 1108 1602 1177 patriam
1626 1108 1828 1188 multitudinem

189 1206 213 1262 si
227 1220 276 1277 per
289 1204 363 1260 huno
377 1215 529 1268 numerum,
543 1197 590 1268 qui
604 1196 638 1252 alr
660 1192 810 1251 undenario
827 1199 856 1249 et
872 1190 985 1247 denario
1016 1266 1023 1274 .
1036 1194 1174 1250 transtulit
1185 1194 1344 1252 electorum.

190 1294 333 1359 nascitur,
355 1291 482 1347 lrumanae
508 1286 650 1360 prauitatis
680 1283 791 1341 abolitio
814 1282 997 1364 designatur-l
1070 1285 1156 1342 Porro
1177 1288 1318 1359 utriusque
1336 1289 1511 1361 evangeliste
1529 1290 1708 1349 intentionem
1729 1289 1828 1349 onaB.

191 1383 362 1442 lindenarius
375 1383 475 1452 qnippe
486 1392 617 1435 numerus
631 1376 654 1433 si
664 1374 766 1460 septies
780 1371 984 1444 multiplicatur.
1035 1372 1181 1446 Apostolus
1200 1377 1334 1434 sententia
1358 1380 1578 1451 comprehendit,
1593 1381 1711 1439 dicens:
1728 1401 1739 1436 ι
1756 1380 1831 1439 tutor

187 1473 313 1558 proiecto
325 1471 496 1544 septuaginta
510 1477 613 1539 septem
626 1480 731 1524 summa
745 1461 906 1535 completur·
930 1458 985 1517 Soti
1036 1468 1109 1524 deus
1127 1467 1223 1523 Filium
1246 1482 1325 1524 sunno
1341 1468 1368 1525 in
1379 1469 1584 1527 similitudinem
1607 1472 1829 1545 camispeccati‚

189 1563 321 1618 tharasius
345 1560 391 1630 qni
417 1557 556 1631 periectos
578 1564 621 1612 est
648 1568 788 1620 numerus,
821 1549 985 1622 emungunt
1036 1568 1067 1615 uu
1080 1561 1238 1632 degemus
1258 1559 1402 1616 damnaret
1427 1572 1571 1633 meatum
1591 1561 1619 1618 in
1643 1561 1828 1634 carmeliten.

191 1648 537 1723 signanPerondenarium
548 1661 624 1714 uero,
635 1646 681 1717 otti
693 1643 985 1715 nnnctransgredttor.
1035 1649 1107 1720 ιιιι).
1126 1666 1137 1701 ι
1163 1648 1230 1705 Nam
1248 1665 1311 1706 curn
1330 1650 1410 1708 dicit:
1429 1669 1439 1704 r
1457 1651 1531 1709 llisit
1554 1652 1625 1710 nens
1639 1652 1736 1709 Filium
1749 1669 1828 1710 suum

190 1745 268 1818 uoto,
280 1744 332 1802 nisi
342 1742 436 1815 legalis
447 1741 637 1814 transgressio,
652 1737 809 1812 tigrrraturl
1037 1741 1064 1798 in
1077 1743 1282 1799 similitudinem
1297 1743 1389 1801 carnis
1413 1746 1515 1817 peceati
1529 1762 1537 1814 3
1562 1765 1573 1800 ι
1594 1745 1714 1803 ostendit
1734 1760 1830 1804 tusce·

226 1833 294 1892 cum
306 1847 371 1906 ergo
384 1833 412 1890 in
428 1842 485 1889 tota
497 1831 542 1888 illa
556 1844 663 1888 somma
674 1829 753 1901 legis,
763 1825 846 1885 simol
857 1832 886 1882 et
895 1834 985 1881 trans·
1036 1832 1157 1902 pruonem
1171 1831 1467 1902 mortalitatis-nostra,
1481 1849 1563 1907 uuam
1577 1834 1718 1892 ltattlueus
1736 1846 1831 1908 aperta

190 1924 340 1993 gressionis
355 1932 471 1994 uterque
493 1934 625 1978 numerus
637 1916 896 2006 comprehendatur,
919 1914 984 1986 quid
998 1929 1022 1992 Β
1036 1920 1170 1987 declarat,
1196 1936 1259 1978 cum
1284 1922 1319 1978 ad
1337 1922 1475 1980 abranam
1497 1925 1697 1989 descendendo,
1712 1923 1829 1996 quadra·
1911 1925 1914 1929 '

191 2015 302 2082 mirum,
328 2014 353 2071 sl
373 2029 422 2084 per
437 2029 498 2070 eam
522 2012 655 2076 scelerum
669 2010 795 2069 sconsio
807 2007 986 2079 designeturi
1036 2013 1110 2086 ginta
1124 2015 1313 2086 generationes
1325 2023 1479 2072 enumerat.
1492 2014 1561 2072 Cum
1586 2029 1653 2073 uero
1666 2016 1830 2089 subjungit:

190 2104 369 2176 Septenarius
389 2104 471 2176 mane
488 2117 631 2169 numerus,
645 2103 785 2174 quisupra
800 2101 943 2158 noninmn
958 2100 986 2156 in
1039 2105 1102 2162 «Et
1126 2105 1162 2162 de
1186 2114 1300 2178 peccato
1322 2107 1462 2164 damnarit
1486 2116 1628 2179 peccatum
1655 2107 1828 2174 incarner
1864 2109 1871 2114 “

189 2181 314 2253 &lumbe
337 2196 489 2259 dttoeotlllr
510 2207 611 2252 uuttrae
635 2192 986 2289 pravitatislundeoarlnm
1037 2196 1213 2255 abolitionem
1236 2197 1362 2271 perbibet
1378 2206 1563 2271 peccatorum,
1583 2214 1665 2271 quarn
1680 2199 1768 2256 tuear
1789 2199 1832 2254 in·

98 2355 109 2371 ·
190 2288 320 2345 sinaris.
344 2288 382 2344 tls
395 2302 450 2360 quo
463 2287 567 2344 scilicet
580 2286 778 2344 charismatum
800 2298 914 2341 nurnero
929 2298 987 2355 per
1036 2287 1194 2345 dolrltanter
1203 2288 1341 2359 exprimit,
1351 2304 1413 2345 oum
1426 2290 1598 2362 ιοριιιιιιίιιιι
1610 2299 1715 2363 septem
1729 2305 1832 2361 cogua-

190 2378 289 2437 lsaiam
317 2379 436 2437 dicitur:
459 2398 470 2432 r
492 2377 657 2451 Requiescet
680 2392 763 2448 super
785 2390 847 2433 eum
868 2373 988 2447 Spiritus
1038 2379 1141 2436 tionum
1163 2377 1262 2437 lincam
1282 2380 1359 2436 terit.
1372 2378 1597 2448 Quamsidelitet
1612 2389 1756 2452 utramque
1769 2395 1833 2438 sen·

190 2474 342 2548 sapientias.
365 2483 394 2532 et
406 2474 578 2542 intellectum
604 2472 723 2547 Spiritus
735 2471 853 2538 consilii,
867 2481 895 2527 ct
907 2470 988 2527 lorti·
1038 2470 1151 2527 tentiam
1166 2470 1238 2528 idem
1252 2469 1352 2528 Paulus
1366 2487 1421 2528 tuno
1443 2471 1508 2529 alibi
1523 2463 1658 2530 versiculo
1671 2474 1832 2545 complexus

190 2565 308 2631 tudinls;
332 2547 451 2638 Spiritum
472 2565 604 2630 scientiae,
621 2573 651 2622 et
669 2564 797 2636 pietatis;
816 2571 845 2618 et
864 2560 989 2635 implebit
1036 2569 1093 2626 est.
1108 2562 1255 2619 dicensz‘s
1276 2561 1356 2620 lesus
1377 2562 1503 2620 (innatus
1525 2564 1642 2622 traditos
1662 2574 1833 2637 eapropter

188 2669 252 2711 earm
276 2653 379 2726 Spiritu
406 2655 513 2712 umoris
531 2653 637 2711 domim
663 2651 732 2722 (iss.
750 2652 801 2723 ιι).
831 2650 940 2710 runos
955 2649 987 2708 B.
1038 2650 1137 2708 delicta
1149 2659 1254 2720 nostra,
1275 2660 1305 2709 et
1322 2652 1474 2710 resumsit
1491 2654 1832 2726 propterlnstidcationeso

100 2729 113 2740 ’
189 2744 289 2814 Lucas
301 2754 332 2800 ut
341 2746 445 2817 expiari
457 2761 533 2801 nosa
550 2725 654 2801 nostris
666 2742 815 2818 sceleribus
828 2756 877 2820 per
889 2741 988 2797 adven·
1037 2751 1160 2799 nostram
1184 2743 1272 2817 (Rom.
1288 2744 1338 2817 ιι).
1356 2763 1367 2800 ι
1384 2745 1530 2802 Descendit
1550 2746 1624 2802 oraim
1649 2745 1775 2803 conatos
1802 2753 1834 2802 ut

191 2843 249 2889 tam
274 2835 361 2890 nostrl
382 2833 534 2891 salvatoris
547 2834 685 2900 ostendat,
704 2849 759 2889 non
778 2830 989 2904 alerangelicae
1037 2847 1116 2888 nosa
1137 2833 1257 2904 peccatis
1275 2835 1408 2906 eriperet:
1423 2834 1544 2892 surrexit
1565 2843 1656 2893 antem
1671 2843 1701 2892 ut
1714 2837 1833 2894 candore

191 2926 356 2984 narrationis
367 2927 491 2993 exordio,
500 2927 548 2984 scd
558 2942 574 2982 a
585 2925 720 2999 baptismo
734 2923 989 2991 onnurntscurtsst
1034 2923 1149 2996 iustitia
1159 2923 1260 2982 niudos
1272 2924 1424 2982 exhiberet.

191 3019 363 3093 cognationis
375 3018 499 3076 ordinem
523 3017 642 3076 inclinat.-
669 3017 746 3088 Quod
769 3019 853 3075 etiam
873 3018 903 3075 in
918 3017 989 3076 lilrro
1074 3014 1141 3082 litte
1155 3014 1285 3071 nimirum
1299 3016 1441 3088 ulmosque
1455 3016 1835 3090 beatiorangelistacdirerai·

190 3109 329 3168 Geneseos
338 3109 479 3167 euidenter
491 3109 656 3190 ostenditur,
668 3109 712 3167 uli
723 3108 842 3167 umeclu
855 3108 988 3168 osonum
1039 3115 1082 3163 tas
1091 3109 1174 3164 etiam
1185 3107 1212 3164 in
1223 3108 1276 3165 hoc
1285 3109 1427 3167 evidenter
1439 3112 1602 3180 ostenditur,
1616 3112 1679 3183 quis
1691 3111 1834 3169 llstttsaeos

194 3191 253 3258 nris
269 3200 372 3257 dixisse
386 3199 530 3256 narrator:
551 3218 561 3253 r
580 3199 739 3273 septupium
751 3199 819 3257 ultio
833 3201 941 3258 dabitur
954 3200 989 3257 do
1037 3213 1087 3271 per
1100 3198 1286 3267 Salomonem,
1308 3200 1336 3256 ln
1358 3201 1436 3273 crios
1449 3213 1537 3260 matre
1556 3203 1642 3261 llarid
1656 3218 1707 3274 per
1726 3203 1834 3260 adulte-

190 3290 269 3357 Gaio,
280 3291 313 3347 de
323 3289 440 3347 Lameolr
456 3305 520 3347 sero
532 3290 684 3362 septuagies
697 3291 797 3363 septies
812 3279 890 3365 (Gen.
904 3294 954 3366 ιι).
972 3309 983 3346 ι
999 3292 1022 3357 c
1038 3292 1109 3348 rium
1123 3292 1237 3360 coemit,
1252 3291 1400 3349 llorninice
1413 3295 1598 3366 generationis
1609 3293 1708 3351 lincam
1720 3295 1834 3351 descen·

193 3379 268 3437 llltio
286 3381 385 3452 quippe
402 3380 436 3436 de
458 3378 575 3436 Lamenta
599 3381 752 3452 septuagies
773 3382 874 3453 septies
899 3383 985 3440 danda
1037 3382 1125 3440 dendo
1139 3383 1283 3455 producit;
1311 3380 1501 3441 isucasautem
1515 3400 1563 3456 per
1576 3384 1682 3442 liutran
1696 3386 1832 3453 monadis,

191 3472 302 3539 dicitur,
319 3471 383 3542 quia
403 3472 577 3544 septuaginta
593 3480 696 3543 septem
710 3471 836 3529 homines
847 3474 882 3531 dc
898 3473 985 3531 lemo-
1036 3476 1177 3549 peronius
1190 3475 1493 3548 ridellcctsequirocom
1506 3477 1666 3549 proplietam
1681 3477 1832 3548 ltocipsnrn

192 3560 987 3634 ribmeiusperltilrenturegressisc,postmodumdiluvio
1036 3565 1158 3637 einmem
1171 3566 1257 3622 uario
1272 3575 1414 3638 peecatum
1437 3567 1568 3623 Dominus
1587 3565 1717 3637 expiarit.
1738 3575 1768 3623 et
1792 3566 1834 3622 sic

191 3659 314 3715 romule.
327 3651 483 3708 reseruntur
496 3649 628 3723 absorpti.
645 3651 699 3709 bed
717 3651 781 3724 qnia
791 3650 911 3710 Lamech
926 3668 988 3724 per·
1036 3647 1115 3732 quasi
1138 3658 1244 3731 lapsum
1266 3659 1414 3716 miseratos
1439 3659 1537 3716 erexit.
1564 3657 1611 3715 lile
1633 3658 1727 3729 ltaque
1751 3657 1833 3715 dooet

191 3744 307 3809 1111111111,
330 3743 389 3799 titt
401 3756 546 3815 percussu
562 3741 735 3814 exprimitur.
756 3742 821 3815 (1111(Ι
838 3757 889 3815 por
902 3744 985 3810 istnc,
1038 3749 1086 3807 ttet
1101 3739 1203 3816 litium
1221 3749 1255 3806 ad
1275 3763 1326 3805 nos
1339 3748 1480 3806 humiliter
1495 3747 1655 3805 inclinatum
1669 3764 1677 3815 ;
1697 3748 1751 3804 iste
1767 3762 1828 3819 pro

191 3836 244 3892 nisi
267 3835 372 3908 primm
395 3849 495 3907 parens
519 3833 631 3892 domani
652 3835 760 3906 generis
777 3835 919 3907 figuratur,
937 3837 984 3908 ptri
1038 3839 1145 3896 nuntiat
1160 3839 1303 3897 nobiscum
1315 3840 1396 3897 simul
1408 3851 1470 3897 cnm
1486 3839 1739 3913 triomphaligtoria
1753 3838 1830 3896 eceli·

191 3926 321 3983 nimirem
336 3927 439 3997 peccati
457 3925 553 3992 telum,
575 3939 630 3996 quo
648 3927 753 3997 primus
771 3927 829 3997 ipse
842 3941 987 3997 percussus
1038 3938 1082 3986 tus
1095 3928 1254 3986 irritatum.
1267 3929 1410 3987 Descendit
1423 3931 1495 3988 enim
1514 3929 1640 3986 Christus
1653 3929 1688 3984 ad
1697 3927 1833 3999 iacentes,

192 4017 307 4085 interiit,
333 4015 580 4099 aniversoqnoque
592 4017 687 4090 generi
701 4032 871 4075 successore
893 4028 987 4089 poste·
1039 4029 1231 4076 uteossecum
1249 4019 1420 4092 prorelratin
1439 4029 1514 4077 astra
1534 4021 1662 4078 victores.
1676 4019 1755 4078 Unde
1776 4036 1831 4078 non

191 4107 282 4165 ritatis
307 4107 435 4164 indixitl
458 4108 497 4164 lie
521 4107 574 4164 lroc
595 4120 662 4180 ergo
688 4107 808 4165 Lamech
833 4107 987 4180 septuagies
1038 4113 1098 4169 sine
1117 4112 1210 4170 divino
1232 4112 1335 4190 iactum
1348 4113 1481 4187 presagio
1502 4115 1623 4173 creditor
1643 4116 1715 4186 ostod
1736 4117 1833 4173 beatos

191 4200 293 4272 septies
305 4199 373 4255 ultio
385 4199 448 4282 data
464 4205 517 4264 est,
540 4197 605 4269 quia
623 4206 776 4268 peccatam
799 4199 871 4271 qrrod
883 4199 988 4270 prinuus
1038 4202 1084 4259 lric
1113 4200 1277 4274 euangelista
1302 4201 1352 4259 tall
1379 4203 1511 4260 rombolo
1535 4213 1718 4276 nuncupatur.
1744 4204 1833 4262 Lucas

192 4287 477 4358 immomntmaitper
490 4287 663 4359 septuaginta
680 4295 784 4359 septem
798 4289 988 4360 generationes
1038 4292 1111 4349 enim
1125 4292 1268 4362 debraico,
1278 4294 1333 4365 ipss
1344 4309 1503 4367 consurgens
1518 4295 1575 4352 sire
1589 4297 1703 4356 olerona.
1716 4297 1833 4353 vertitur

192 4377 222 4433 in
236 4373 355 4434 tramam
366 4390 469 4449 genere
484 4376 578 4450 riguit.
595 4376 687 4448 llspoe
702 4376 785 4450 203
804 4378 838 4434 ad
849 4377 987 4437 Christum
1038 4383 1065 4440 in
1084 4382 1220 4442 Latinum.

191 4465 325 4538 andoeno
342 4474 485 4540 peecatum
505 4465 638 4538 originale
660 4466 820 4537 permansit.
836 4466 908 4540 quod
931 4468 988 4540 ipse
1073 4469 1131 4529 lloc
1150 4472 1232 4545 igitur
1253 4472 1281 4530 in
1305 4474 1416 4547 proprio
1432 4474 1541 4532 nomine
1555 4475 1674 4547 praetulit
1686 4477 1759 4547 quod
1774 4477 1833 4548 lpse

191 4575 241 4633 per
254 4560 380 4631 baptismi
404 4553 447 4615 'sui
472 4557 556 4631 (unde
577 4557 667 4615 lucas
688 4558 794 4631 incipit)
816 4570 985 4618 sacramenta
1038 4562 1211 4634 postmodum
1239 4563 1274 4621 de
1302 4563 1444 4622 Salvatore
1468 4566 1639 4638 conscripsit.
1665 4565 1832 4639 Redemptor

191 4650 301 4708 delerit
328 4649 379 4708 titt
394 4649 564 4708 uidelicetde
576 4649 749 4710 illodicitur:
776 4666 787 4703 s
812 4649 883 4709 lices
895 4651 988 4723 Agnus
1002 4630 1112 4710 Denim
1137 4664 1231 4712 noster
1251 4664 1281 4712 et
1302 4656 1359 4728 ipsa
1387 4658 1421 4713 de
1447 4652 1535 4713 mort'e
1551 4655 1722 4724 surresinet
1735 4673 1786 4715 nos
1799 4658 1831 4714 al

192 4740 253 4808 M·
270 4740 517 4812 ifliltlliluttottt
531 4740 624 4798 nenti
638 4740 730 4814 (torn.
745 4741 776 4814 ι).
793 4759 804 4795 ι
1038 4745 1159 4804 ooetesm
1178 4746 1300 4804 virentes
1323 4748 1357 4803 de
1378 4747 1494 4803 mortuis
1506 4747 1631 4804 eleuarit.
1651 4746 1769 4805 lindeet
1784 4761 1833 4818 per

227 4831 431 4903 Redemptloms
458 4844 525 4903 ergo
560 4839 661 4889 nostrae
699 4832 841 4888 materiam
870 4841 986 4905 uterquc
1037 4837 1194 4909 Apostolum
1204 4836 1304 4895 dlcltur
1318 4854 1351 4894 :r
1367 4837 1418 4907 Qui
1437 4838 1735 4908 nosconresoscilarin
1749 4835 1832 4912 m

191 4933 304 4982 motus
313 4924 479 4995 mangonis
502 4924 542 4981 sic
564 4924 680 4981 lrrviecm
700 4924 833 4993 dividunt,
848 4933 877 4983 et
889 4941 985 4983 narra·
1037 4935 1065 4982 et
1078 4928 1226 4983 consedere
1238 4926 1301 4983 iecit
1314 4941 1407 4984 areum
1426 4926 1619 4983 incolerentur
1633 4925 1741 4998 (Epiros.
1753 4933 1795 4994 ιι).
1818 4945 1828 4979 ι

192 5017 277 5074 umis
302 5026 408 5090 partem
429 5015 480 5073 silrl
504 5016 621 5088 quisque
645 5031 792 5086 congruam
822 5025 934 5074 sumunt
957 5027 987 5074 ut
1039 5016 1099 5088 lpse
1126 5018 1217 5087 itaque
1242 5016 1427 5088 principaliter
1445 5031 1620 5089 eornm-gons,
1645 5017 1704 5073 sire
1721 5016 1832 5071 elevans

192 5108 338 5167 flattlsm
359 5123 409 5182 per
433 5109 637 5181 generationum
666 5106 765 5165 lineam
788 5108 985 5178 descendendo,
1039 5105 1150 5175 dicitur,
1166 5107 1293 5178 quonlam
1304 5107 1338 5162 ad
1352 5108 1405 5164 troc
1426 5108 1460 5163 de
1481 5117 1569 5164 morte
1584 5106 1715 5175 surrexit,
1736 5113 1768 5162 ut
1781 5120 1831 5182 nos

192 5202 380 5259 (larimorond
394 5215 444 5259 nos
455 5212 614 5273 peccatores
625 5201 659 5258 de
674 5201 752 5259 omlis
764 5200 908 5259 advenisse
926 5216 987 5272 per-
1041 5199 1068 5255 io
1092 5208 1179 5255 morte
1198 5205 1349 5271 prostratos
1372 5199 1510 5271 erigeret:
1537 5198 1571 5253 ad
1592 5198 1644 5254 lroc
1665 5197 1791 5255 ascendit
1803 5198 1829 5254 in

192 5291 305 5360 nibem
331 5292 420 5350 Lucas
433 5301 524 5350 antem
542 5309 558 5348 a
582 5302 753 5351 sacmmento
771 5293 987 5365 baptismatisad
1040 5291 1150 5356 omium,
1167 5299 1198 5347 ut
1218 5305 1310 5347 seeunn
1325 5304 1376 5347 nos
1387 5290 1422 5347 ad
1435 5289 1556 5347 coelcmis
1574 5288 1737 5346 sublevaret.
1753 5289 1845 5359 Quod

193 5391 299 5456 patrem
321 5400 407 5457 nsque
424 5385 618 5454 conscendens,
633 5385 749 5442 traxisse
772 5400 822 5442 nos
845 5401 937 5443 secum
953 5385 987 5442 a‹l
1040 5385 1122 5456 igitur
1141 5383 1174 5440 u.
1192 5381 1443 5440 tnmsoscnrtsto
1454 5381 1598 5439 scribendo
1610 5381 1757 5452 perhibuit
1780 5381 1830 5437 lsor

193 5472 335 5530 ambrum
366 5475 479 5547 ponant
510 5485 684 5549 peccatorum
719 5476 844 5533 sordibus
879 5475 986 5532 ablutos
1039 5475 1118 5547 qrrasi
1138 5473 1417 5547 pmplretioeproprin
1430 5474 1539 5530 nomine
1558 5473 1718 5545 designarit.
1731 5472 1831 5530 Ethoc

193 5565 331 5628 oetsadm.
351 5563 400 5621 illa
417 5565 551 5639 alqulrlem
575 5566 674 5623 astruit
682 5564 820 5623 cinnum
835 5564 869 5622 ad
884 5574 985 5622 terram
1041 5580 1167 5637 magnum
1179 5562 1832 5637 mrtenrpsterium,quodB‚1.neasabaptismo

195 5652 408 5716 mimice
421 5649 650 5722 descendemem:
678 5657 729 5716 iste
742 5655 845 5713 latetur
856 5672 919 5713 eom
938 5670 988 5713 nos
1041 5655 1190 5712 salvatoris
1210 5654 1314 5726 incipit,
1329 5664 1357 5711 et
1369 5668 1454 5725 osqrre
1473 5655 1507 5709 ad
1527 5654 1611 5709 mum
1625 5652 1734 5709 Patrem
1747 5665 1829 5723 gene·

194 5743 230 5802 ad
251 5743 376 5810 celestia
402 5743 598 5808 mannassen.
627 5746 753 5803 tlsterrdit
778 5747 823 5803 llle
848 5757 986 5818 pastorem
1040 5746 1174 5802 rationum
1188 5745 1288 5802 lineam
1301 5743 1471 5801 ascendendo
1482 5743 1614 5814 producit
1628 5740 1681 5798 Per
1692 5740 1829 5798 iaracmts

193 5837 441 5909 magnsmarsnr
455 5848 523 5894 ores
535 5835 563 5892 lo
583 5836 698 5894 ducents
711 5837 820 5909 pascuis
833 5838 987 5911 relinquen·
1039 5837 1140 5910 ptrippe
1153 5836 1225 5896 sacri
1239 5835 1411 5907 baptismatis
1422 5851 1438 5891 a
1448 5833 1569 5908 peccatis
1582 5832 1729 5901 abluimur,
1753 5839 1782 5888 et
1791 5831 1829 5886 sia
