4100 6209
4 243 6 280 l

4 293 6 390 i
67 309 102 367 ot
317 302 608 365 PBOLBGOMBNA.
630 334 661 347 —
684 303 731 364 ΒΒ
752 303 781 365 S.
803 303 926 367 ΡΒΤΒΟ
947 305 1118 369 bubiano
1136 310 1368 372 BBNSGHBNII
1388 313 1577 376 COMMBNF.
1789 324 1826 382 ott

4 419 5 440 ¹
64 448 205 511 peragere
240 429 354 502 solere,
386 427 513 505 exceptis
546 427 640 490 tribba
677 430 1139 507 solemnitatibusltpossibilitas
1160 435 1352 498 administrat.
1368 438 1514 499 Horarum
1540 447 1638 501 antem
1663 444 1824 518 psalmodia

64 524 159 585 sancti
183 519 319 582 videlicet
332 520 471 591 Andreae,
486 525 515 578 et
532 518 564 580 S.
578 519 738 592 Benedicti,
753 529 782 580 ct
799 523 927 582 Annon·
968 524 1107 584 canonica
1120 527 1249 600 omnino,
1265 527 1339 588 sicut
1356 527 1389 587 fit
1407 527 1438 587 in
1454 531 1638 604 monasterio,
1653 531 1693 592 ita
1712 532 1761 593 bic
1773 551 1826 611 per

66 613 198 675 tiationis
211 611 384 672 Dominicae.
398 630 413 665 a
429 609 480 669 list
498 624 615 670 eremus
640 610 692 669 illa
713 611 851 671 dicatas.
866 612 927 669 An·
969 613 1102 674 ordinem
1125 615 1319 677 nibilominus
1343 617 1526 693 adimpletur.
1546 641 1558 671 ι
1575 622 1618 680 Ac
1641 620 1727 694 paulo
1747 622 1825 684 inle-

66 707 149 772 Μ.
164 702 246 764 unde
273 705 302 761 et
324 703 519 760 monasteriam
544 703 574 761 S.
590 702 709 758 Andreae
738 697 771 756 de
791 702 928 758 Aoetlono
969 703 1054 765 rius:
1078 728 1091 756 ι
1116 706 1260 779 Regelare
1287 713 1339 780 est,
1366 707 1471 783 inquit,
1500 710 1693 783 monasteriis,
1721 717 1754 772 ut
1781 712 1823 785 bi,

68 794 126 854 dici
149 792 257 866 legitur
279 790 356 865 apud
373 791 570 864 Augustinum
584 789 794 861 Florentinum,
809 789 929 850 citatum
969 791 1066 867 quiin
1085 793 1133 853 ria
1149 794 1325 869 diriguntur,
1343 796 1413 855 foris
1431 812 1491 856 non
1509 799 1671 872 comedant,
1685 801 1710 860 si
1725 817 1759 861 eo
1776 801 1824 861 die

68 900 86 943 a
99 881 214 942 Wione
226 880 280 940 lib.
296 892 317 940 11
333 879 418 952 bigni
432 878 501 939 rite
516 894 577 954 cap.
594 879 621 939 e.
638 880 676 938 At
695 880 724 941 S.
739 878 929 942 Benedictnm
969 886 1085 955 sperant
1097 884 1203 942 reverti
1217 902 1224 942 :
1238 883 1287 944 cni
1303 882 1436 945 videlieet
1446 885 1638 948 omervantiae
1649 887 1723 950 illud
1738 891 1826 951 etiam

69 972 101 1032 in
112 969 337 1046 congregatione
352 969 443 1030 eremi
455 969 555 1029 Fontis
567 967 703 1028 Avellani
716 974 871 1043 patronum
885 985 931 1028 co·
968 970 1045 1046 apud
1068 989 1121 1032 nos
1146 972 1272 1044 additur,
1296 978 1329 1034 ut
1345 974 1406 1034 sive
1425 976 1498 1051 ipso,
1516 978 1578 1037 sire
1595 977 1653 1039 alio
1672 978 1719 1038 die
1736 979 1826 1040 fuefit

70 1062 203 1134 fuerunt,
228 1076 287 1120 non
310 1064 342 1119 ut
366 1058 538 1129 eoenobitae,
560 1073 663 1117 rerum
689 1063 724 1117 ut
749 1061 929 1119 anachoretae
968 1060 1035 1134 ouis
1055 1077 1196 1136 ιειιιιιιι,
1210 1062 1331 1138 ieiunus
1350 1079 1463 1138 semper
1483 1066 1519 1125 ad
1541 1082 1671 1128 eremum
1695 1076 1822 1129 reverb-

68 1152 130 1211 sive
161 1147 303 1221 eremitae,
330 1163 455 1223 quornm
490 1145 579 1206 vitam
605 1145 814 1220 perfectiorem,
840 1164 928 1226 quam
970 1155 1025 1209 tur.
1056 1174 1070 1198 1·
1098 1149 1175 1221 Quin
1203 1150 1289 1209 etiam
1315 1147 1351 1208 Β.
1366 1149 1489 1223 Petrus,
1513 1158 1546 1211 nt
1574 1153 1605 1212 in
1632 1154 1696 1214 Vita
1718 1155 1825 1228 legitur

67 1240 295 1311 coenobitarum,
313 1252 378 1297 esse
396 1237 478 1297 docet
491 1234 626 1310 pluribus
641 1235 673 1294 B.
687 1235 792 1296 Petrus
809 1237 928 1297 flamia·
969 1252 1052 1298 num.
1067 1237 1112 1310 lt,
1133 1262 1148 1291 ι
1164 1239 1240 1299 banc
1254 1259 1269 1292 a
1284 1238 1383 1299 Bremi
1395 1255 1458 1299 snae
1476 1264 1488 1292 ι
1505 1256 1639 1301 normam
1651 1243 1824 1305 observatio·

68 1346 134 1401 nus,
148 1330 170 1389 l.
188 1342 232 1402 vt,
248 1344 293 1402 ep.
311 1326 355 1400 li,
366 1341 403 1386 ex
417 1325 488 1402 ipsis
502 1323 532 1386 S.
548 1324 698 1385 Benedicti
708 1326 814 1385 verbis.
831 1350 842 1378 ι
857 1326 929 1388 Haec
968 1327 1015 1387 nis
1034 1328 1066 1388 in
1081 1328 1232 1389 nonnullis
1250 1331 1444 1405 monasteriis,
1466 1332 1517 1408 pia
1539 1332 1692 1393 devotione
1712 1335 1823 1412 ample·

66 1419 177 1495 itaque,
192 1417 300 1493 inquit,
315 1423 415 1477 nostra
442 1430 501 1475 non
522 1420 600 1488 sunt,
620 1414 671 1474 sed
689 1415 820 1492 ejusdem
835 1416 929 1478 Patris
968 1417 1131 1490 otentibns,
1159 1419 1313 1479 excitando
1346 1418 1495 1492 institnit,
1524 1427 1553 1479 et
1578 1420 1694 1495 insigne
1725 1420 1823 1484 Casini

66 1511 158 1573 ιιοιιιι
175 1509 267 1571 verba
282 1533 289 1569 :
306 1507 484 1580 Secundum
504 1506 612 1584 inquit,
629 1522 722 1581 genus
740 1516 783 1569 eet
800 1511 927 1572 anacbo·
968 1506 1076 1565 montis
1097 1505 1264 1565 caenobium
1283 1505 1358 1566 inter
1383 1506 1530 1580 regnerio
1545 1507 1682 1568 mandata
1696 1507 1795 1569 statuit
1809 1531 1821 1562 ι

65 1611 208 1670 murum,
225 1599 256 1659 id
274 1606 328 1671 est,
346 1598 553 1658 eremitarum:
570 1597 676 1657 borum
701 1599 755 1672 oui
773 1616 833 1660 non
856 1616 927 1660 con·
967 1597 1113 1660 nonnulla
1128 1619 1143 1653 ι
1159 1597 1374 1658 conscribenda.
1392 1621 1404 1652 ι
1419 1599 1492 1672 Quae
1517 1598 1656 1676 preclare
1673 1599 1825 1660 confirmat

64 1690 213 1751 versionis
232 1689 348 1750 fervore
371 1688 492 1759 ιιοιιιιο,
507 1688 557 1747 sed
572 1687 741 1748 monasterii
759 1691 928 1764 probatione
968 1688 1027 1749 Leo
1048 1689 1279 1763 Marsicanus,et
1304 1687 1366 1763 ipse
1392 1689 1543 1765 episcopus
1566 1688 1705 1751 Ostiensis
1727 1687 1778 1748 lib.
1793 1700 1825 1749 ut

64 1778 234 1839 didicerunt
255 1785 356 1839 eontra
378 1776 538 1847 diabolum,
559 1776 720 1838 multorum
746 1777 848 1840 solatio
865 1778 1105 1861 jamBCbronici
1126 1778 1301 1851 casinensis,
1327 1795 1388 1852 cap.
1417 1778 1462 1852 ιι,
1485 1780 1532 1841 bis
1549 1779 1648 1839 verbis
1672 1802 1680 1839 t
1706 1803 1721 1829 «
1736 1778 1825 1840 Porro

64 1868 153 1940 docti,
167 1882 302 1943 pugnare
315 1886 323 1927 :
340 1874 368 1928 et
381 1866 455 1928 bene
473 1866 608 1926 instructi
621 1867 748 1928 fraterna
761 1883 799 1927 ex
817 1870 879 1931 acie
890 1871 927 1931 ad
969 1867 1097 1930 domnus
1110 1869 1212 1931 Petrus
1226 1870 1385 1931 Damianns
1407 1870 1444 1931 ad
1465 1871 1673 1932 monasterium
1693 1869 1824 1942 veniens,

65 1955 249 2033 singularem
268 1972 398 2034 pugnam
413 1956 514 2030 eremi,
528 1956 623 2017 securi
639 1958 700 2033 jam
718 1958 926 2021 sineconsola·
968 1973 1037 2018 cum
1066 1957 1155 2020 uerbo
1177 1957 1286 2034 pariter
1311 1965 1341 2019 et
1365 1962 1499 2036 exemplo
1530 1961 1566 2022 ad
1594 1961 1647 2021 lici
1672 1959 1825 2021 sevitium

65 2047 144 2106 tione
161 2045 296 2119 alterius,
320 2046 382 2106 sola
404 2061 505 2120 manu,
532 2045 578 2105 vel
598 2046 716 2106 bracbio
735 2056 834 2109 contra
857 2051 928 2111 vitia
968 2064 1159 2127 quoscunque
1184 2057 1297 2124 posset,
1325 2050 1469 2112 ferventer
1492 2050 1682 2121 accenderet3
1708 2049 1826 2110 tandem

63 2135 175 2207 earnis,
189 2135 238 2195 vel
264 2136 480 2211 cogitationum,
500 2136 560 2195 beo
585 2135 760 2210 auxiliante,
778 2138 929 2200 sufiiciunt
968 2138 1158 2214 permissione
1172 2138 1283 2199 abbatis
1301 2139 1442 2200 Desiderii
1454 2140 1491 2201 ab
1509 2140 1591 2201 omni
1603 2139 1826 2217 congregatione

63 2240 210 2303 pugnare.
227 2224 325 2286 »Haec
337 2242 374 2286 eu
387 2242 449 2302 cap.
466 2225 609 2301 illegnlae
623 2224 812 2287 S.Benedicti
824 2227 857 2287 Β.
872 2229 927 2288 Ρι-
969 2226 1097 2287 obtinuit
1114 2227 1278 2288 voluntaria
1292 2228 1437 2289 oblatione
1456 2229 1488 2287 in
1507 2229 1710 2288 remissionem
1725 2243 1826 2302 pecca·

65 2322 139 2388 trus,
156 2318 248 2393 cujus
264 2325 292 2377 et
313 2317 368 2378 ista
394 2322 462 2377 sunt
486 2315 519 2376 in
542 2316 642 2376 ιιιιιιιι
661 2317 781 2391 epistola
799 2337 837 2377 :r
866 2319 928 2379 Hoc
969 2324 1067 2377 torum
1095 2317 1241 2389 omnium,
1257 2323 1290 2377 ut
1314 2324 1397 2377 sexta
1423 2315 1495 2377 feria
1521 2333 1573 2391 per
1597 2324 1687 2377 ιοιιιιι]
1713 2333 1826 2378 anunm

64 2414 208 2482 praterea
235 2406 382 2479 novimus,
397 2406 466 2482 qnia
487 2404 520 2465 Β.
537 2405 711 2467 Benedictus
732 2408 821 2469 eremi
835 2409 929 2470 cultor
968 2422 1054 2480 pane,
1082 2413 1111 2466 et
1135 2423 1210 2482 aqna
1238 2407 1375 2479 contenti,
1401 2406 1585 2480 disciplinam
1614 2408 1724 2483 singuli
1753 2409 1826 2469 facta

64 2497 189 2571 ιιιιιιιι,
203 2503 234 2556 ιι
257 2497 313 2557 boc
337 2502 414 2556 certe
443 2512 495 2556 nos
520 2496 630 2571 optavit
658 2512 730 2570 esee,
757 2497 836 2573 quod
860 2498 926 2570 fnit,
968 2497 1148 2557 confessione
1171 2496 1360 2571 perciperent,
1374 2496 1495 2570 insuper
1511 2502 1540 2556 et
1559 2495 1729 2557 triduanum
1748 2496 1825 2571 jeju·

64 2587 164 2650 sed...
192 2587 389 2661 dispensative
416 2586 567 2647 constitnit
602 2586 685 2661 prius
716 2588 928 2649 monasterialis
969 2589 1053 2649 nium
1068 2589 1100 2649 in
1123 2588 1215 2664 capito
1236 2587 1470 2664 Quadragesimae
1487 2604 1539 2663 per
1556 2589 1750 2661 ancingales
1762 2605 1828 2665 age·

65 2679 135 2739 rita
161 2677 326 2755 planitiem,
343 2680 377 2736 ut
389 2673 450 2734 illic
462 2673 626 2749 disciplinae
644 2674 767 2749 flagellis
784 2677 885 2751 attriti,
900 2682 928 2736 et
969 2683 1042 2739 rent.
1058 2703 1072 2728 »
1086 2677 1155 2737 Fuit
1169 2676 1337 2736 Desiderius
1351 2675 1440 2736 abbas
1453 2674 1483 2737 S.
1501 2676 1538 2736 B.
1558 2676 1592 2737 B.
1611 2677 1778 2752 oardinalis,
1792 2694 1826 2740 ac

64 2766 219 2829 exercitiis
238 2765 364 2845 probati,
380 2765 441 2840 iam
458 2762 574 2824 facilins
592 2763 683 2824 eremi
702 2765 929 2827 abnuendamue
968 2768 1035 2828 dein
1056 2767 1187 2844 pontifex
1203 2767 1352 2828 Romanus
1372 2766 1470 2827 Victor
1487 2766 1529 2827 lll
1548 2768 1722 2843 appellatus,
1736 2783 1825 2844 onem

63 2860 101 2920 ad
127 2874 240 2919 arcem.
256 2856 318 2917 Hoc
347 2856 445 2931 itaque
468 2855 652 2929 Benedictus,
670 2856 747 2932 qnod
772 2863 801 2916 et
826 2857 928 2920 beatus
968 2856 1077 2930 saepins
1098 2855 1200 2916 invisit
1223 2855 1258 2916 B.
1274 2854 1385 2923 Petrus,
1403 2861 1431 2915 et
1454 2855 1554 2931 plnres
1570 2860 1653 2932 epist.
1669 2856 1827 2935 opuscula·

64 2949 173 3012 ieeerat
184 2947 306 3009 Paulus.
322 2948 454 3022 Agamus
467 2940 592 3021 [ἄγαμος]
611 2946 756 3022 siquidem
773 2954 835 3008 crat
848 2951 927 3025 Apo·
968 2961 1026 3022 oue
1040 2944 1135 3006 eidem
1159 2945 1283 3021 scripsit.
1299 2944 1371 3020 Bjus
1391 2944 1469 3021 apud
1483 2945 1654 3008 casinenses
1669 2947 1827 3010 sucoesmri

64 3037 167 3108 ιιοιιιι,
197 3035 335 3096 homines
360 3041 459 3095 tamen
484 3034 521 3093 ad
545 3034 718 3110 conjugium
744 3039 925 3113 provocabat.
968 3034 1217 3096 Oderisiodicavit
1231 3036 1290 3096 Leo
1309 3034 1472 3095 chronicon
1486 3035 1653 3098 ttasinense.

68 3131 275 3202 [muneque
289 3125 438 3201 inquiens,
456 3143 570 3184 uxoren
595 3130 725 3201 occipiat,
740 3135 766 3186 ot
793 3148 958 3226 unoque-0
1006 3127 1049 3186 17.
1074 3125 1208 3185 Florebat
1230 3141 1264 3186 eo
1291 3132 1417 3201 tempore
1442 3141 1502 3200 prae
1532 3128 1646 3188 caeteris
1672 3127 1704 3187 in
1731 3128 1825 3190 Gabia

64 3235 119 3290 pue
142 3222 235 3275 reum
260 3235 341 3275 mma
369 3217 511 3276 iubeat...
526 3217 624 3289 (icor.
640 3228 692 3289 vn,
706 3216 744 3288 ι).
759 3216 849 3279 Paulo
864 3228 927 3295 post
968 3216 1109 3277 ooenobiis
1133 3215 1323 3277 cluniacense
1352 3232 1408 3276 sec.
1427 3216 1540 3277 decimo
1566 3226 1758 3292 exstructum,
1781 3219 1825 3280 uti

64 3313 165 3367 tamen
178 3308 250 3367 dicit
265 3325 273 3366 ε
289 3309 357 3366 Volo
374 3322 465 3364 omues
484 3322 541 3362 esse
563 3307 683 3363 bominac
708 3310 780 3366 aaut
792 3313 927 3383 raetorum
967 3306 1109 3378 diximus,
1128 3305 1160 3365 lt
1178 3305 1264 3366 lanu.
1287 3306 1324 3368 ad
1339 3306 1436 3366 Vitam
1449 3306 1483 3366 Β.
1504 3306 1647 3369 Bernonis
1663 3309 1750 3384 primi
1764 3308 1826 3369 Ab·

66 3400 163 3469 otto„
178 3401 218 3474 η.
249 3399 339 3460 uliud
366 3415 436 3460 vero
460 3398 576 3460 solebat
604 3399 770 3474 aposolus,
795 3408 823 3461 et
847 3402 927 3464 atiud
968 3394 1052 3466 hatis,
1079 3393 1128 3454 cui
1154 3400 1357 3454 succaorunt
1381 3394 1452 3463 ooo,
1484 3394 1662 3470 aymardus,
1690 3395 1825 3471 natatus,

63 3491 264 3569 precipiebat
291 3491 413 3551 Volebat
441 3506 504 3564 nos,
534 3491 609 3550 sicut
633 3489 695 3566 ipse
716 3496 786 3564 erat,
810 3493 928 3554 coelibes
967 3484 1062 3557 OdilO·
1089 3483 1187 3558 ΗΠΒ),
1217 3482 1274 3542 fill
1300 3483 1449 3542 sanctitate
1478 3480 1617 3543 illustres·
1642 3486 1684 3555 Di
1710 3499 1826 3545 amu

66 3599 140 3652 ese,
163 3591 282 3658 propter
311 3583 457 3643 exoelfetts
477 3581 612 3642 videlicet
634 3584 784 3644 vernantis
805 3584 928 3660 pudiciti
967 3572 1000 3632 Β.
1017 3571 1095 3632 Petri
1121 3570 1257 3632 Damiatli
1285 3572 1321 3630 ad
1349 3570 1559 3631 monasterium
1582 3570 1774 3632 cluniacense
1793 3572 1826 3630 in

65 3674 222 3745 meritum,
235 3670 286 3732 sed
299 3669 414 3731 uolebat
429 3670 511 3730 inire
534 3671 715 3746 conjugium,
731 3672 801 3748 quia
815 3672 927 3748 fragili·
968 3667 1090 3721 tractatu
1112 3660 1320 3720 miraculorum
1345 3658 1374 3720 S.
1392 3658 1525 3732 Hugonis
1542 3658 1579 3718 ab
1594 3665 1710 3721 auctore
1722 3666 1825 3720 comta·

67 3760 136 3820 uris
150 3769 258 3820 uuuuae
271 3758 433 3835 perieulum
448 3758 613 3819 timebat...
632 3756 676 3817 ltu
691 3757 725 3817 Β,
742 3758 926 3834 Benedictus,
968 3766 1021 3810 neo
1037 3750 1154 3826 scripto,
1168 3750 1224 3809 ista
1239 3748 1269 3808 in
1284 3747 1464 3807 bibliotheca
1478 3746 1676 3821 Cluniacensi,
1689 3748 1744 3808 col.
1761 3746 1824 3822 tto,

4 3831 6 3884 l
66 3864 241 3925 quanquam
261 3847 436 3924 propensius
452 3846 525 3907 velit
542 3863 595 3908 uos
608 3862 680 3919 esse,
696 3848 857 3925 quoderat,
874 3850 928 3911 troo
967 3849 1145 3901 narrantur:
1164 3864 1178 3893 ι
1191 3840 1333 3914 Tempore
1351 3840 1478 3915 quodam
1507 3855 1624 3900 necesse
1649 3841 1705 3901 fuit
1728 3846 1826 3902 sancto

66 3945 111 3997 unt
129 3939 224 3998 eremi
249 3945 424 4009 soetatorou3
442 3936 621 3998 tolerabilius
644 3945 741 3997 umen
769 3938 849 4000 ducit
873 3939 935 4001 uuo·
967 3932 1030 3993 viro
1051 3948 1103 4008 pro
1127 3931 1243 3992 tuendis
1256 3930 1326 3990 tiliis
1348 3932 1385 3989 ad
1407 3930 1565 3991 Ecclesiam
1581 3941 1702 3993 matrem
1726 3948 1826 3993 recur-

66 4031 202 4092 murmos
217 4045 252 4089 ao
272 4027 383 4089 annes
402 4030 435 4089 ru
458 4028 626 4088 monasterti
644 4035 729 4104 ortu
747 4029 794 4088 vot
810 4029 926 4104 tuoni·
966 4037 1039 4094 rere,
1055 4029 1081 4081 et
1106 4021 1246 4082 nomana
1269 4019 1345 4079 sedis
1369 4020 1563 4095 paraturum
1585 4021 1734 4081 ·aovocare.
1749 4021 1825 4091 Qua·

67 4117 135 4178 liter
155 4118 267 4191 rivere,
283 4133 372 4193 qnam
391 4117 423 4177 in
449 4123 639 4193 tempestuosa
665 4117 797 4191 naufragi
821 4120 927 4179 mnndi
966 4118 1082 4186 propter
1102 4110 1184 4170 urbis
1204 4109 1287 4169 illins
1311 4108 1458 4182 refugium
1472 4116 1581 4184 petens,
1604 4124 1708 4184 magno
1728 4108 1827 4171 labore

67 4207 209 4284 imagine
223 4206 364 4281 deperire.
381 4227 396 4256 n
411 4205 454 4265 Ac
468 4204 585 4266 tandem
608 4205 649 4265 ita
671 4204 842 4266 concludit:
860 4229 873 4259 ι
891 4205 926 4266 ιιι
965 4207 994 4260 ιι
1018 4199 1185 4261 difficultate
1206 4215 1224 4258 a
1254 4197 1342 4258 latere
1367 4199 1504 4260 avulsum
1531 4196 1672 4260 domnum
1697 4197 1826 4270 Petrum,

67 4316 136 4376 ergo
153 4300 272 4360 Fratres
293 4300 331 4360 ad
350 4316 484 4361 eremum
501 4300 537 4360 de
560 4298 760 4361 monasteriali
778 4301 837 4360 vito
855 4316 925 4360 oon·
965 4292 1150 4354 Hosliensem
1184 4289 1317 4350 videlicet
1348 4290 1526 4365 episcopum,
1550 4297 1741 4363 cognomento
1767 4290 1826 4349 Da-

68 4390 219 4463 mnum,
233 4397 263 4450 uu
277 4405 331 4450 nos
344 4389 465 4463 popuii,
481 4396 509 4450 up
522 4397 585 4462 :nos
601 4389 741 4452 debemus
765 4406 834 4451 cum
857 4391 925 4451 cha.
966 4382 1109 4451 mianum,
1124 4378 1262 4450 obtinuit,
1278 4384 1310 4439 nt
1325 4377 1382 4437 sibi
1396 4377 1513 4454 daretur
1530 4392 1583 4452 pro
1606 4392 1713 4454 magno
1741 4377 1825 4436 Petro

68 4481 153 4541 rimu
177 4481 339 4556 uuouipeuu,
353 4488 386 4542 ut
411 4497 470 4542 uuu
495 4480 575 4541 volut
598 4481 733 4542 husiusu
755 4479 839 4542 boatu
861 4480 925 4541 viru
967 4470 1163 4546 praeliaturus,
1178 4473 1207 4528 et
1218 4466 1399 4527 adversarios
1417 4474 1614 4541 prostraturus
1627 4465 1757 4525 mirabili
1771 4483 1826 4527 sua

67 4571 264 4642 schismatim
277 4570 354 4645 ouod
373 4571 458 4643 absit,
479 4569 632 4631 aversione
650 4571 808 4643 discedere,
822 4571 872 4631 sed
892 4532 1122 4636 ntDprudentia
1137 4563 1223 4634 atque
1240 4555 1388 4618 facundia.
1408 4555 1476 4614 Brat
1498 4569 1624 4629 namque
1643 4555 1691 4614 vir
1706 4552 1757 4614 ille
1773 4554 1826 4613 ab·

65 4677 167 4722 muru
181 4660 321 4737 uiuoipuii
339 4661 490 4722 videamur
502 4666 531 4721 et
545 4658 591 4720 ilii
605 4660 732 4722 iuviouuu
746 4659 925 4722 uuuuiuuitor
965 4650 1110 4712 stlnentiae
1133 4645 1290 4723 singularis
1313 4661 1381 4719 usn,
1401 4651 1429 4704 et
1456 4645 1617 4705 ferreorum
1637 4644 1825 4708 vinculorum

4 4789 5 4798 .
62 4750 242 4811 consentire.
261 4774 276 4804 a
965 4758 1047 4804 nexu
1058 4739 1188 4816 undique
1202 4739 1244 4798 sic
1257 4737 1382 4806 attritus,
1397 4741 1430 4797 ut
1445 4737 1496 4796 vix
1507 4741 1603 4813 posset
1616 4734 1744 4797 inveniri
1760 4750 1825 4794 mo·

4 4835 5 4866 ⁴
100 4842 145 4902 ld.
160 4840 312 4902 Hactenus
323 4841 355 4902 in
369 4841 488 4903 illa‘sua
501 4857 547 4918 ep.
568 4841 602 4900 Β.
618 4838 731 4912 Petrus,
746 4838 797 4916 uui
820 4845 926 4914 preater
965 4832 1031 4904 dus,
1059 4845 1117 4904 ono
1145 4829 1209 4904 eius
1237 4828 1366 4905 corporis
1393 4826 1578 4887 imbecillitas
1605 4826 1761 4895 foveretur,
1785 4822 1823 4922 ad

64 4939 203 4992 commeta
221 4932 464 4992 monasteriorum
486 4929 516 4992 S.
531 4928 680 4990 Benedicti
695 4928 842 5002 exercitia,
868 4934 924 4987 tra-
966 4919 1116 4997 equitandi
1135 4934 1211 4980 onus
1225 4935 1314 4994 grave
1333 4925 1481 4993 bennone
1498 4912 1825 4987 tolerandum.thu1a

64 5019 106 5080 dit
123 5036 225 5096 opusc.
244 5032 300 5082 xlv
325 5023 359 5082 in
379 5038 434 5082 sna
459 5036 555 5080 eremo
583 5018 681 5080 Fontis
708 5017 843 5079 brettani
869 5018 926 5078 alia
966 5010 1025 5071 levi
1038 5011 1211 5087 plerumque
1227 5008 1362 5071 seandalo
1376 5006 1483 5070 offendi
1502 5011 1621 5082 poterat,
1636 5020 1753 5065 necesse
1770 5004 1824 5064 ba-

4 5147 6 5158 .
65 5109 295 5185 quamplurima,
318 5115 346 5169 et
370 5109 457 5184 longe
478 5106 685 5168 excellentiora
707 5107 863 5167 observari.
883 5105 927 5164 lta
966 5101 1052 5163 bobat
1074 5118 1150 5178 saepe
1176 5102 1274 5179 aliqua
1299 5101 1492 5163 satisfactione
1520 5093 1637 5171 placari.
1660 5093 1706 5156 Ad
1733 5111 1823 5171 onam

68 5196 445 5274 ·Bepsatmodia,inqnit,
458 5197 637 5257 consuetudo
652 5201 704 5262 est,
724 5200 758 5254 ut
779 5209 847 5254 cum
869 5192 927 5254 duo
967 5207 1030 5252 rem
1056 5191 1230 5252 venerabilis
1256 5192 1345 5265 Hngo
1369 5189 1409 5249 ita
1438 5203 1469 5247 se
1494 5182 1668 5256 inclinabat,
1701 5190 1734 5244 nt
1761 5184 1825 5259 ejus

66 5283 171 5347 fratres
190 5285 282 5347 simul
312 5291 529 5347 commorantur
546 5285 578 5344 in
594 5284 676 5355 cella,
692 5282 928 5359 dnopersolvant
967 5280 1101 5341 animum
1125 5282 1293 5340 reformaret
1317 5277 1354 5337 ad
1379 5273 1628 5348 tranquillitatem,
1642 5288 1676 5331 ac
1704 5270 1730 5330 si
1750 5271 1823 5331 alter

68 5375 164 5437 indie
182 5377 328 5452 psalteria,
345 5392 441 5437 unum
462 5392 515 5450 pro
538 5375 628 5450 viris,
641 5374 766 5434 alterum
780 5389 832 5449 pro
848 5387 928 5433 mor·
967 5369 1109 5429 Martinus
1132 5378 1216 5440 esset,
1235 5369 1286 5444 qui
1306 5363 1381 5426 nibil
1409 5368 1522 5439 putaret
1547 5361 1714 5437 indignum,
1743 5360 1823 5437 qnod

73 5466 172 5527 tais...
188 5465 360 5538 optantem
374 5465 455 5528 solus
468 5471 607 5539 moratur,
621 5462 791 5539 psalterium
808 5461 928 5538 quidem
967 5459 1120 5520 humilitas
1149 5456 1295 5534 amodum
1319 5453 1462 5516 suaderet.
1489 5453 1563 5516 Cum
1599 5467 1668 5527 ergo
1695 5451 1823 5511 venisset

76 5553 207 5617 ιιιοιιιιιι
223 5562 318 5618 utum
334 5573 386 5632 per
399 5554 531 5632 singulos
548 5554 610 5616 dies
627 5553 801 5629 adimpleat;
821 5551 929 5613 defun·
969 5549 1152 5620 Cluniacnm,
1167 5547 1239 5608 alter
1251 5545 1302 5607 ille
1315 5543 1470 5620 Gregorius
1483 5558 1535 5619 per
1547 5541 1723 5621 eloquentiae
1736 5539 1822 5602 uber-

13 5653 26 5722 ·,
78 5649 182 5709 mam
200 5646 267 5707 sire
282 5645 496 5720 mediumsire
509 5644 711 5721 totum‚iuxta
724 5641 929 5736 quadriduum
968 5648 1068 5716 tatem,
1082 5656 1142 5703 non
1162 5645 1257 5702 tamen
1275 5655 1328 5715 per
1348 5636 1512 5713 apostolieae
1530 5636 1599 5702 ritae
1614 5633 1820 5714 maritalem,
