4100 6209
179 266 232 338 sot
487 260 516 320 ε.
538 246 829 321 rurnrnamanr
851 256 931 318 ore.
953 239 1624 325 raas.ssaronusrt.-seunonss.
1880 262 1935 330 tos

180 415 259 470 mus,
275 393 324 455 aad
347 391 515 449 tbesaurum
532 383 675 458 jacentem
694 380 726 440 in
745 381 840 441 littera
859 380 959 455 vigore
976 382 1173 446 ala-Aradios
1197 395 1349 448 enumerat
1372 388 1451 449 lilius
1474 389 1545 455 solis
1577 390 1687 452 Paulus
1713 394 1874 467 apostolos,
1902 396 1935 456 ia

180 490 238 552 eris
261 479 373 558 ingenii
399 471 583 551 perscrutari.
603 470 686 542 Quod
706 471 775 530 satis
794 472 908 545 egregie
927 471 972 530 vir
989 487 1036 530 sa·
1078 472 1205 547 Epistola
1214 476 1251 533 ad
1265 475 1438 548 Corinthios,
1453 477 1505 537 ubi
1517 478 1559 537 ait
1572 497 1579 537 :
1593 501 1605 534 ι
1621 479 1752 540 Charitas
1763 496 1823 540 nou
1839 497 1935 542 mma·

179 577 264 655 piens
284 564 479 634 adumbrarit,
507 577 576 621 com
603 559 679 619 dixit
699 578 707 616 ι
739 559 833 619 «Non
854 560 982 620 dormias
1004 560 1037 620 in
1078 561 1162 633 latur,
1179 578 1235 622 noo
1252 565 1312 639 agit
1324 581 1484 641 perperam,
1496 582 1555 626 nou
1567 566 1701 626 iollatur!
1717 589 1731 622 n
1745 573 1769 637 (l
1782 572 1843 630 dor.
1856 578 1934 643 1111.)

180 658 396 728 siuumnlicris
414 654 510 725 (aaa.
527 652 582 722 rx).
598 676 612 699 ι
632 648 739 711 Mulier
756 665 861 724 nempe
879 650 952 709 sacri
974 648 1036 710 elo·
1077 650 1210 726 liquam
1231 654 1341 715 clarum
1367 657 1546 732 penitentiae
1570 655 1673 733 jubarl
1694 665 1807 720 noctem
1824 663 1933 736 peccari

180 754 243 833 quii
258 752 382 812 litteram
401 738 550 816 exprimit,
564 753 603 798 cx
622 754 680 813 qua
699 737 794 798 fidelis
806 740 953 812 expositor
968 739 1030 799 iru·
1075 750 1204 803 removet
1218 747 1294 819 quod
1309 746 1494 806 conscientias
1508 747 1644 807 nubilum
1657 749 1751 823 tergit.

179 853 258 907 ctum
277 836 377 914 gignit.
397 830 470 902 pun
488 828 594 899 littera,
611 826 724 886 cumei
744 826 893 887 catbolicae
912 826 1031 887 rationis
1107 830 1203 891 bunae
1234 832 1332 905 hujus,
1358 831 1467 893 scilicet
1493 836 1688 909 penitentie,
1716 845 1843 912 quatuor
1863 848 1933 902 suat

176 927 327 1006 diligentia
349 922 516 983 adhibetur,
533 915 627 976 virilis
643 914 807 976 intellectus
825 916 921 976 robori
940 916 1031 975 mari·
1070 917 1145 976 radii
1161 920 1309 993 :cognitio
1325 921 1443 994 peccati,
1462 921 1544 983 dolor
1562 939 1614 999 pro
1634 926 1767 997 ρεεειιιε,
1788 927 1931 989 mercado

177 1029 272 1091 tatur;
286 1032 354 1077 cum
370 1023 514 1072 ueroeam
529 1006 656 1067 seducta
667 1002 741 1061 3⁸2
755 1007 861 1066 mentis
877 1006 1029 1081 ingenium
1069 1008 1201 1082 peccati,
1230 1011 1343 1071 lructus
1372 1010 1575 1089 eleemosyna.
1604 1013 1692 1074 Prius
1724 1012 1796 1072 383
1819 1025 1932 1091 oportet

176 1112 323 1185 depravat,
343 1101 427 1176 quasi
450 1096 610 1156 castitatem
629 1093 748 1153 lerninae
766 1094 931 1154 adulterino
952 1096 1032 1157 coitu
1071 1110 1242 1170 cognoscere
1268 1108 1425 1173 peecatum,
1450 1101 1499 1161 sed
1520 1118 1579 1161 oon
1598 1103 1725 1176 sullicit3
1741 1110 1852 1177 oportet
1875 1104 1929 1164 do·

176 1199 275 1261 molat.
291 1195 378 1256 Recte
390 1204 458 1264 ergo
469 1186 575 1247 dicitur
591 1209 597 1243 :
615 1208 629 1239 n
644 1184 686 1242 Ne
699 1183 827 1243 dormias
840 1185 870 1243 in
886 1185 954 1244 sinu
969 1201 1032 1245 mu·
1072 1185 1131 1246 lere
1146 1204 1197 1263 pro
1217 1200 1347 1263 peccato;
1367 1191 1499 1252 addenda
1514 1201 1558 1253 εει
1577 1193 1664 1253 etiam
1681 1194 1837 1266 contessio,
1858 1193 1928 1269 quia

175 1286 275 1348 lieris:
294 1307 304 1336 ι
321 1280 393 1341 acsi
406 1281 503 1353 aperte
516 1274 659 1333 diceretur
674 1292 680 1331 :
699 1272 742 1331 Ne
757 1273 788 1330 in
805 1278 913 1331 secreto
927 1273 1031 1333 litteras
1072 1277 1178 1336 trustra
1192 1277 1269 1337 dolet
1281 1280 1333 1353 qni
1352 1294 1410 1338 non
1426 1280 1598 1353 coafitetur3
1618 1281 1665 1341 bis
1679 1297 1748 1341 vero
1763 1280 1929 1357 adjungen-

175 1392 264 1438 sensu
280 1383 402 1445 torpeas,
417 1367 467 1428 sed
478 1366 616 1425 latentem
629 1363 738 1423 animm
751 1361 914 1437 proiectum
927 1361 1031 1434 pudica
1071 1368 1126 1429 dus
1138 1376 1181 1428 εει
1198 1370 1310 1430 tructus
1324 1370 1528 1449 eleemosyna,
1541 1374 1592 1449 qni
1605 1379 1650 1432 est
1668 1373 1794 1447 pretium
1808 1372 1927 1447 penem

174 1471 279 1525 excute
294 1456 456 1534 vigilantia.
1073 1459 1155 1520 Unde
1168 1462 1306 1536 propbeta
1322 1462 1357 1521 de
1376 1463 1466 1538 impio
1479 1464 1570 1524 dicit:
1592 1486 1606 1519 a
1625 1465 1690 1525 Non
1704 1463 1800 1524 credat
1822 1463 1931 1523 trustra

211 1550 331 1620 «Fecit,
347 1545 453 1620 inquit.
474 1540 754 1612 ὓ11111110111111111
775 1537 933 1598 luminatia
952 1540 1029 1610 (Gen.
1071 1564 1169 1608 errore
1189 1548 1334 1624 deceptus,
1350 1554 1428 1628 quod
1453 1552 1552 1628 abnuo
1571 1553 1662 1627 pretio
1681 1551 1871 1613 redimendus
1894 1551 1931 1610 sit

173 1645 202 1717 ι).
221 1664 233 1694 ι
254 1631 499 1708 Verumquidem
517 1636 560 1689 est
579 1628 658 1703 quod
677 1626 804 1686 neusin
827 1626 928 1685 mundi
950 1642 1030 1685 crea·
1071 1641 1130 1709 paco
1155 1644 1218 1711 xvj.
1251 1665 1262 1691 ·
1288 1641 1418 1700 Pretium
1440 1653 1515 1702 certe
1535 1642 1642 1717 peccati
1667 1650 1709 1702 est
1730 1641 1929 1714 eleemosyna.

174 1731 253 1790 tione
274 1723 380 1786 eoelum
398 1719 509 1779 clarum
535 1716 604 1777 solis
622 1724 651 1774 et
668 1714 747 1813 lune
763 1713 898 1813 distipxit
915 1720 1028 1785 ornatu,
1041 1728 1130 1798 BSed
1144 1727 1195 1804 qui
1214 1744 1327 1805 semper
1345 1730 1559 1807 eleemosynam
1577 1738 1674 1803 erogat
1691 1738 1847 1804 213me
1866 1743 1931 1804 μω,

173 1826 208 1880 ut
218 1816 344 1876 alterum
354 1809 423 1879 diei,
434 1808 560 1867 alterum
574 1804 668 1865 noctis
680 1804 911 1901 vicissitudinem
924 1802 1029 1900 guber-
1072 1824 1116 1875 car
1130 1817 1236 1877 frustm
1248 1818 1337 1878 erepit
1354 1819 1431 1895 quod
1445 1821 1628 1895 eleemosyna
1640 1819 1667 1879 ej
1677 1819 1818 1893 proficiat,
1831 1818 1930 1876 puger.

174 1910 265 1964 naret.
290 1899 378 1961 Porro
405 1897 430 1955 si
454 1893 577 1954 interius
600 1896 824 1967 perscrutemur,
843 1905 1031 1989 inveniemus
1071 1905 1241 1979 manandum
1270 1914 1312 1965 est
1335 1907 1425 1981 jgpus
1451 1911 1642 1984 eleemosyna,
1668 1905 1854 1967 vocabulum,
1881 1905 1929 1977 Ep,

173 1992 257 2054 nobis
274 1987 421 2063 allegoria
438 1982 610 2059 respondere
635 1988 787 2040 secretum.
805 1978 932 2039 Ecclesia
950 1995 1031 2039 emm
1071 1993 1222 2067 Hebraico,
1249 1998 1329 2062 pm,
1357 2011 1450 2070 moys¹
1479 1996 1647 2070 AEgyppaffl
1681 1995 1784 2069 pugna
1820 1993 1931 2054 dicitur

174 2083 278 2145 mundi
292 2082 416 2155 liguram
429 2076 514 2152 gerit,
530 2073 599 2148 quia
617 2073 692 2132 sicut
711 2071 840 2131 muudus
855 2087 892 2130 ex
907 2077 1031 2145 quatuor
1072 2101 1156 2156 aqua,
1170 2084 1239 2145 inde
1258 2085 1449 2161 eleemosyna,
1466 2082 1495 2145 pp
1512 2095 1564 2159 esp,
1579 2105 1653 2159 aqua
1666 2090 1725 2144 bei.
1746 2085 1769 2143 E
1785 2082 1931 2143 contrario

172 2172 323 2235 elementis
346 2167 487 2238 subsistit,
506 2165 546 2224 ita
566 2161 694 2222 Ecclesia
712 2176 750 2219 ει
770 2160 954 2235 quaternaria
978 2159 1029 2219 do·
1072 2171 1170 2232 videre
1196 2188 1350 2247 possumus
1371 2174 1449 2248 quod
1469 2182 1617 2249 peccatum
1639 2182 1682 2234 esp
1704 2172 1781 2247 iguis
1806 2170 1929 2230 dianoni,

171 2263 265 2323 ctrina
278 2255 429 2332 Evangelii
439 2253 581 2314 coalescit.
593 2250 686 2309 Habet
695 2256 793 2309 autem
804 2249 932 2308 Ecclesia
942 2264 1029 2308 suum
1070 2259 1164 2334 Igitur
1188 2268 1286 2321 contra
1310 2264 1407 2338 ignem
1435 2263 1543 2323 diaboli
1572 2270 1735 2338 opponatur
1757 2275 1835 2335 aqua
1863 2257 1929 2317 Dei.

173 2353 261 2421 1111111,
278 2350 364 2408 habel
384 2353 412 2405 el
436 2344 539 2404 lunam
561 2340 592 2399 11¹
616 2346 707 2398 1¹⁰0l0·
734 2338 802 2397 0108
831 2337 968 2397 Eoelffliae
986 2344 1029 2396 181
1071 2347 1226 2422 impende,
1253 2350 1426 2422 Christiane,
1448 2351 1618 2425 dignitatem
1639 2359 1728 2418 tuam,
1757 2354 1786 2406 et
1812 2346 1930 2406 redem-

173 2449 289 2516 tempus
307 2436 404 2513 pacis3
420 2449 481 2494 nox
497 2430 634 2490 Ecclesiae
651 2435 694 2490 est
715 2434 869 2502 tempestas
892 2443 1028 2501 persecu·
1070 2435 1198 2509 ptiancm
1212 2437 1386 2512 culpatum.
1400 2440 1465 2499 Noli
1478 2437 1607 2500 belluina
1621 2446 1718 2499 mente
1729 2445 1929 2498 contemnere.

173 2532 270 2596 tionis.
285 2529 334 2591 Sol
351 2542 418 2586 vero
437 2525 468 2583 in
487 2521 623 2582 Ecclesiae
642 2520 700 2591 die,
723 2526 766 2577 est
781 2518 937 2593 sapientia;
957 2517 1029 2576 luna
1069 2523 1148 2583 Deus
1163 2523 1377 2601 eleemosynam
1392 2526 1459 2587 lecit
1474 2527 1537 2599 tibi,
1551 2541 1655 2602 carpus
1674 2523 1824 2599 proprium
1840 2524 1929 2582 morti

173 2631 270 2684 autem
282 2619 314 2678 iu
327 2615 566 2684 Ecclesiaenocte,
582 2617 625 2670 est
641 2608 787 2684 patientia.
802 2606 1030 2666 Hislumioibus
1070 2611 1219 2686 tradendo,
1241 2619 1271 2674 tu
1294 2613 1507 2691 eleemosynam
1528 2615 1571 2674 lac
1590 2613 1643 2686 illi,
1662 2612 1824 2674 buccellam
1844 2612 1932 2686 panis

173 2712 251 2771 Deus
276 2706 434 2768 Ecclesiam
458 2717 542 2761 suam
563 2701 669 2775 pinxit,
689 2706 833 2774 quatenus
852 2704 880 2757 ct
905 2698 935 2757 in
961 2713 1030 2771 pace
1071 2700 1243 2775 porrigendo
1272 2706 1403 2777 pauperi.
1433 2704 1502 2763 Esto
1526 2703 1608 2779 prius
1637 2703 1669 2763 in
1699 2709 1727 2761 te
1749 2700 1930 2801 misericorp,

174 2816 234 2861 non
252 2797 290 2856 sit
305 2791 468 2868 improvida
487 2797 515 2849 et
531 2789 561 2848 in
581 2788 658 2847 bello
674 2803 733 2848 non
752 2788 920 2846 inveniatur
934 2785 1030 2847 mollis
1070 2792 1174 2853 deiude
1187 2793 1218 2852 io
1231 2792 1396 2868 proximum
1410 2795 1572 2854 clementiae
1586 2794 1684 2853 rivum
1696 2790 1825 2862 aliunde,
1839 2797 1875 2850 ut
1891 2805 1932 2849 sic

173 2896 202 2948 et
217 2888 313 2946 tracta.
330 2882 385 2941 Per
397 2879 567 2954 sapientiam
584 2875 712 2935 Ecclesia
725 2892 756 2935 εε
769 2876 891 2951 protegit
910 2877 940 2934 in
961 2891 1031 2950 pace
1071 2881 1176 2955 pariter
1189 2897 1256 2941 cum
1269 2882 1402 2956 proximo
1421 2883 1456 2941 ad
1479 2882 1589 2942 lentem
1607 2879 1815 2940 misericordia
1830 2880 1933 2938 valeas

173 2994 191 3038 a
213 2971 407 3041 daemonibus,
433 2984 485 3043 per
503 2966 672 3042 patientiam
691 2982 721 3025 se
741 2974 838 3025 tuctur
861 2967 892 3025 iu
917 2966 1030 3026 belloa
1070 2971 1231 3046 pervenire,
1258 2972 1327 3031 lesu
1354 2973 1502 3031 Christum
1529 2971 1688 3032 Dominum
1708 2975 1855 3037 nostram,
1879 2966 1931 3042 qni

174 3061 415 3144 persecutoribus.
443 3058 508 3117 Non
539 3055 681 3118 claudicat
716 3056 864 3128 Ecclesia,
900 3072 960 3116 non
986 3062 1138 3156 estceum
1154 3059 1277 3118 Patreet
1292 3060 1400 3135 Spiritu
1414 3068 1512 3120 sancto
1531 3061 1604 3119 vivit
1622 3066 1651 3119 et
1670 3065 1770 3133 regum
1784 3056 1868 3117 Deos
1881 3073 1934 3132 per

172 3154 305 3223 inermis,
317 3156 488 3226 argumenta
500 3147 602 3207 divina
610 3147 753 3222 sapienter
767 3145 872 3219 eludit,
884 3152 1028 3206 tormenta
1071 3148 1169 3208 omnia
1183 3146 1289 3207 saecula
1302 3149 1487 3209 saeculorum.
1503 3151 1610 3209 Amen.

174 3244 329 3308 bominum
341 3238 466 3301 sustinet
481 3237 632 3312 patienter.
1368 3253 1493 3316 sppppp
1503 3253 1620 3314 prffl,

207 3332 296 3394 Recta
312 3342 432 3405 prorsus
450 3324 624 3400 comparatio
641 3329 684 3383 εει
698 3324 769 3383 solie
786 3323 822 3382 ad
847 3323 1028 3399 sapientiam,
1242 3384 1243 3387 ,
1262 3338 1302 3385 iv.
1322 3337 1352 3386 tn
1365 3339 1559 3387 nsnrcnrronn
1574 3337 1730 3386 accmsrs.

171 3424 252 3485 lunae
265 3418 302 3480 ad
316 3414 494 3493 patientiam,
509 3412 579 3489 quia
589 3412 664 3472 sicut
678 3413 721 3472 sol
733 3414 825 3483 lana,
836 3412 875 3472 ita
887 3413 1028 3489 sapientia
1105 3414 1188 3486 (itt).
1212 3458 1348 3475 ......
1364 3431 1430 3474 vere
1450 3422 1492 3474 est
1507 3430 1591 3474 moos
1612 3411 1803 3485 tortitudinis,
1819 3410 1929 3472 inuui-

171 3510 321 3591 praepollet
339 3505 496 3584 patientie.
514 3502 662 3578 Sapientia
681 3504 780 3577 itaque
799 3503 854 3573 sol,
866 3503 936 3578 quia
955 3503 1029 3564 illu·
1069 3513 1117 3565 tur
1134 3504 1260 3565 salutare
1283 3503 1436 3575 vexillum,
1459 3504 1489 3563 id
1508 3511 1551 3563 est
1571 3519 1655 3575 crux,
1673 3518 1740 3578 quae
1763 3501 1929 3562 immortali

171 3604 282 3673 minat;
308 3597 444 3675 patientia
460 3593 540 3667 luna,
561 3594 630 3670 quia
648 3591 798 3653 confortat.
821 3593 875 3652 His
903 3594 1028 3669 geminis
1069 3594 1208 3654 memoria
1223 3595 1296 3653 viret
1309 3609 1432 3670 semper,
1443 3594 1525 3654 lieret
1537 3600 1623 3667 atquc
1633 3591 1831 3653 tructiflmtin
1845 3608 1931 3652 meu·

169 3690 298 3753 bracbiis
318 3685 446 3748 Ecclesia
465 3689 585 3758 pugnat,
606 3683 696 3741 altero
714 3690 899 3756 prosternens
915 3682 1026 3743 daemo·
1070 3685 1146 3745 tibus
1156 3684 1325 3744 electorum.

170 3796 233 3853 nes,
249 3776 471 3838 alterovinaeos
489 3772 631 3832 bomines.
652 3769 731 3829 i'ceit
749 3770 848 3846 itaque
869 3770 947 3830 [leus
963 3771 1027 3832 bec
1104 3776 1158 3837 Per
1177 3778 1230 3837 boc
1248 3776 1437 3851 autemquod
1457 3777 1488 3835 iu
1510 3775 1600 3836 sacris
1615 3772 1757 3834 altaribus
1770 3770 1931 3832 dominico
2028 3774 2029 3789 ¹

169 3873 227 3933 duo
243 3884 347 3944 magua
361 3864 528 3935 luminaria,
544 3863 652 3936 quibus
666 3869 790 3921 ornatur
804 3860 942 3933 Ecclesia,
959 3862 1024 3937 qui·
1067 3869 1178 3943 corpori
1199 3875 1363 3927 sanctorum
1389 3865 1521 3941 reliquiae
1547 3863 1706 3935 sociamur,
1723 3864 1843 3924 unitum
1866 3861 1929 3922 Ile·
2028 3874 2029 3923 ζ

169 3963 225 4022 bus
238 3958 322 4036 quasi
334 3957 450 4017 duobus
465 3952 558 4014 oculis
573 3952 705 4012 munitur
719 3950 828 4010 Christi
843 3952 987 4014 columba·
1065 3959 1207 4033 demptori
1226 3974 1279 4019 suo
1298 3965 1404 4017 sanctae
1425 3956 1561 4017 Ecclesia
1580 3971 1684 4031 eorpus
1705 3954 1884 4025 ostenditur,
1902 3962 1931 4014 et

202 4047 357 4111 Dissolutis
377 4043 491 4105 nebulis
508 4043 664 4116 allegoria,
684 4044 762 4103 bunc
780 4043 866 4101 etiam
893 4043 1024 4104 rivulum
1065 4047 1148 4121 qnasi
1163 4063 1285 4124 sponsus
1302 4063 1369 4108 cum
1388 4061 1493 4120 sponsa
1511 4046 1542 4104 iu
1560 4045 1653 4105 sancti
1675 4044 1775 4103 altaris
1796 4042 1931 4104 thalamo
2028 4038 2029 4057 ¹

168 4138 327 4213 Scriptura
352 4134 388 4193 ad
416 4132 578 4206 irrigandos
605 4147 700 4191 mores
734 4142 844 4192 nostros
869 4148 1023 4207 possamus
1063 4139 1228 4197 collocatur.
1244 4136 1280 4195 Et
1293 4137 1362 4213 quia
1377 4135 1408 4194 in
1422 4123 1604 4210 Apocalypsi,
1617 4134 1672 4194 sub
1685 4132 1770 4192 altari
1781 4131 1834 4191 Dei
1852 4133 1930 4193 sisae
2028 4136 2029 4189 l

169 4227 292 4287 trabere.
308 4223 382 4283 Nam
401 4222 475 4279 sicut
492 4219 566 4278 Deus
582 4219 614 4278 iu
634 4222 687 4278 boc
711 4220 899 4281 mundedun
921 4238 1023 4297 magna
1064 4234 1228 4286 sanctorum
1251 4234 1411 4300 martyrum
1428 4226 1535 4291 animae
1554 4224 1723 4284 referuntur
1747 4224 1844 4295 tripos.
1874 4227 1928 4292 vlt,
2028 4222 2029 4233 ¹

169 4312 327 4377 luminaria
346 4311 422 4381 tecit,
440 4308 480 4366 ita
494 4308 583 4366 etiam
601 4306 631 4365 iu
648 4307 765 4366 bomine
781 4309 839 4368 duo
858 4326 962 4385 magua
977 4312 1023 4373 lu·
1064 4315 1211 4390 aptissime
1225 4316 1369 4388 congruit,
1389 4322 1422 4374 nt
1434 4315 1521 4373 etiam
1533 4313 1611 4389 apud
1631 4327 1684 4372 nos
1695 4311 1751 4371 sub
1769 4325 1831 4369 arae
1851 4309 1929 4369 risi-
2028 4342 2029 4401 3

168 4404 293 4465 minaria
317 4398 472 4461 ordinavit.
501 4395 544 4455 Ne
568 4396 624 4456 sibi
655 4397 786 4457 videatur
803 4397 921 4463 durum.
946 4401 1134 4514 unodDbilis
1158 4419 1258 4463 mensa
1275 4418 1377 4462 eorum
1395 4402 1553 4478 patrocinia
1572 4402 1776 4461 recondantur.

167 4493 307 4562 dicimos;
331 4490 417 4549 bomo
440 4485 521 4547 enim
540 4486 611 4546 alter
637 4495 680 4547 εει
707 4488 846 4560 mundas,
863 4490 939 4549 uude
963 4492 1024 4565 ipsa
1102 4492 1244 4553 Praeterea
1270 4493 1344 4552 sicut
1366 4492 1398 4551 in
1421 4490 1552 4565 sepulcro
1570 4488 1774 4565 Redemptoris
1800 4489 1927 4564 mgrrba
2028 4484 2029 4523 l

167 4585 268 4645 Graeca
292 4580 394 4655 lingua
422 4586 549 4648 vocatur,
581 4575 764 4652 μικρόκοσμοε,
792 4577 823 4638 id
847 4585 899 4651 est,
929 4580 1025 4642 minor
1066 4586 1093 4639 ει
1111 4579 1175 4640 aloe
1194 4581 1281 4639 missa
1302 4579 1621 4649 anaietanenagis
1642 4584 1671 4637 ct
1686 4576 1734 4635 bic
1747 4577 1818 4634 tbus
1837 4590 1927 4650 appo
2028 4596 2029 4643 ι

168 4670 308 4744 muudus,
327 4669 398 4746 quia
420 4667 456 4726 ad
479 4667 701 4727 similitudinem
720 4667 838 4740 majoris
858 4667 960 4728 mundi
983 4678 1025 4729 est
1068 4670 1156 4742 nitur,
1170 4685 1222 4744 per
1239 4668 1314 4743 qaod
1328 4667 1458 4742 ejusdem
1471 4666 1588 4726 Domini
1608 4664 1793 4726 mortificatio
1810 4665 1924 4739 ligura·
2028 4656 2029 4719 3

167 4763 270 4822 laetus.
290 4759 364 4818 Nam
380 4758 455 4817 sicut
472 4756 551 4817 beas
568 4757 670 4828 manni
692 4757 800 4816 mundo
817 4757 961 4830 praesidet,
984 4760 1025 4818 ita
1066 4767 1122 4830 tar,
1144 4759 1218 4818 sicut
1234 4757 1295 4831 ipse
1310 4757 1380 4816 dicit
1395 4782 1401 4816 ι
1423 4757 1689 4831 «Quotiescunque
1704 4750 1926 4814 manducabitis
2028 4742 2029 4761 ¹

167 4848 244 4929 qaod
263 4848 427 4922 obinueest
440 4852 536 4917 totus;
551 4844 701 4904 sicanima
715 4845 827 4920 corpori
842 4845 1022 4920 dominatur,
1065 4864 1169 4924 paoem
1199 4850 1287 4920 lianc,
1314 4856 1342 4907 et
1367 4844 1486 4906 calicem
1512 4845 1627 4918 bibetis,
1648 4850 1772 4905 mortem
1801 4843 1925 4905 Domim

168 4943 210 5002 ita
220 4941 298 5018 quod
311 4940 421 5015 ubique
435 4944 491 4996 tota
509 4944 552 4995 est
565 4937 596 4994 in
610 4951 739 5011 corpore.
1065 4936 1285 5007 annuntiabitis,
1309 4937 1400 4996 donec
1421 4936 1518 4996 verriat
1544 4938 1568 5009 (1
1589 4936 1649 4995 dor.
1674 4937 1727 5005 xil.
1747 4958 1762 4982 ι
1789 4931 1923 5006 Dignum

84 5044 89 5055 ·
204 5029 298 5091 Homo
310 5029 408 5103 itaque
429 5024 513 5085 babet
533 5025 622 5097 diem,
641 5025 725 5085 babet
744 5037 773 5086 ει
791 5035 921 5100 noctem;
939 5029 1025 5090 babet
1065 5033 1188 5102 asterga
1207 5033 1238 5086 ut
1256 5026 1287 5083 in
1301 5024 1395 5096 altari,
1411 5041 1499 5100 super
1511 5024 1590 5100 quad
1608 5038 1713 5099 corpus
1730 5022 1925 5083 dominicam

168 5120 260 5180 solem
271 5120 303 5180 in
317 5118 374 5188 die,
389 5116 590 5177 babetluuam
604 5114 739 5175 innecte.
756 5113 824 5176 Dies
844 5118 971 5176 bominis
982 5125 1025 5176 εει
1062 5117 1171 5192 jugiter
1184 5114 1362 5185 immolatur,
1382 5130 1459 5173 mors
1473 5115 1536 5189 ejus
1553 5114 1642 5174 etiam
1656 5127 1706 5187 per
1722 5127 1824 5172 rerum
1842 5114 1925 5172 invi·

170 5210 229 5269 nita
251 5206 384 5283 justitia,
405 5221 465 5264 nox
490 5204 617 5264 bominis
641 5213 684 5264 cst
710 5205 767 5263 nita
795 5205 942 5279 inequitiae.
975 5204 1024 5266 Sol
1065 5204 1196 5265 sibilium
1208 5204 1539 5277 aenigmatanuntietur.

169 5305 268 5361 autem
292 5297 325 5355 in
341 5295 399 5355 rita
415 5294 536 5368 justitie
551 5302 594 5353 cst
611 5294 735 5353 ebaritas
753 5310 820 5370 quae
839 5304 941 5369 praeest
958 5295 1024 5354 ritae
1102 5295 1261 5355 Parietibus
1283 5310 1400 5369 quoque
1417 5295 1544 5354 basilice
1559 5310 1610 5369 per
1632 5292 1789 5353 circuitum
1807 5292 1922 5352 duode-

165 5383 288 5459 justitias
298 5402 307 5456 ;
325 5383 397 5443 luna
413 5385 525 5442 veroin
540 5384 770 5457 vitupecmtoris,
786 5383 1022 5458 estpmoiteutia.
1063 5387 1121 5445 cim
1139 5386 1174 5444 de
1195 5392 1293 5442 sancto
1312 5383 1467 5442 chrismate
1491 5382 1574 5457 signa
1596 5381 1691 5441 crucis
1716 5380 1920 5456 imprimimus

168 5472 192 5535 Ο
216 5488 307 5547 quam
331 5472 426 5532 clarus
448 5472 491 5531 sol
519 5480 563 5531 est
587 5472 721 5541 ebaritas,
746 5473 831 5545 cujus
855 5473 1023 5548 quindecim
1065 5471 1240 5544 totidemque
1255 5468 1558 5545 candelasalilgimus,
1573 5474 1606 5529 ut
1622 5484 1687 5529 eam
1710 5466 1803 5526 sancti
1824 5465 1920 5542 Spiri-

199 5571 268 5643 (itt)
278 5571 414 5625 &sinonis
425 5575 507 5635 taulus
517 5574 679 5637 principium
692 5586 745 5625 non
760 5573 875 5624 babetur
888 5574 915 5623 iu
926 5586 975 5623 ms.
