4100 6209
235 363 289 423 iil
543 357 572 412 S.
589 352 691 410 Perat
710 351 852 408 baulani
870 349 945 405 ortt
961 347 1051 405 ratas
1071 347 1136 428 SEU
1156 347 1274 407 bobus
1292 351 1324 406 11.
1339 382 1374 393 -
1389 350 1583 411 8Ε1111οΝΕ8.
1818 347 1871 408 tlt

238 477 321 554 polyti
344 474 450 533 scilicet
469 479 496 526 ct
515 465 637 526 Cassiani
652 473 813 537 martyrum,
830 474 890 533 que
905 470 1034 529 unquam
1048 472 1073 532 Α
1086 458 1151 525 bat;
1167 459 1239 514 sicut
1248 458 1306 529 jam
1322 461 1348 516 iu
1364 461 1422 532 ipsa
1437 473 1612 519 sacrosancta
1626 473 1655 521 et
1668 467 1781 539 mystica
1794 483 1871 527 cerua

238 569 375 641 gonoooor
397 555 492 620 rutilat
504 559 618 617 duorum
635 556 728 611 lumen
743 563 890 610 astrorum.
904 549 955 618 Qui
970 563 1035 621 pro·
1086 549 1153 606 dicit
1165 548 1304 621 discipulis
1318 550 1376 607 suls
1391 569 1398 605 ι
1419 570 1430 604 ι
1448 550 1526 610 Vado
1540 553 1574 608 ad
1587 568 1649 611 eum
1673 557 1719 628 qui
1738 558 1815 615 misit
1830 578 1872 622 me

239 657 310 718 lecto
334 653 406 727 regis
427 650 522 708 retenti
549 644 730 705 strenuissimi
752 635 897 700 bellatores
918 638 1034 697 diversis
1086 637 1254 715 (lacurn).
1267 662 1277 695 r
1292 643 1347 701 Sed
1360 643 1424 700 dum
1437 647 1559 703 ascendit
1573 648 1681 717 Bethel,
1697 651 1725 706 id
1737 660 1795 717 est,
1809 653 1872 710 dum

238 750 346 821 orridcm
358 741 434 809 iocis,
447 740 562 798 divorsis
573 737 736 820 subiaouere
748 731 904 804 suppliciis3
920 731 968 786 sed
980 735 1034 784 una
1084 733 1134 804 per
1157 733 1348 793 sacratissime
1370 731 1509 795 Passionis
1527 754 1583 796 sure
1600 740 1760 812 mysterium
1785 744 1872 802 redire

238 840 346 911 utrique
370 844 429 893 erat
458 848 540 890 causa
562 827 740 900 certaminis,
767 827 832 906 quia
857 841 910 880 non
939 823 1034 902 dispar
1085 830 1226 887 contendit
1244 830 1279 888 ad
1297 817 1424 900 Patrem,
1442 833 1519 904 pueri
1538 833 1616 907 par'vi
1634 835 1737 907 eoicsd
1755 837 1789 894 de
1807 838 1872 896 civi·

237 944 383 1002 utrumque
397 912 567 984 animaverat
585 915 723 994 'professio
739 911 872 975 veritatis.
886 913 1035 1004 Enivrrv'ero
1084 914 1152 987 tate,
1167 920 1283 978 illudunt
1297 922 1333 988 ei,
1345 922 1467 980 diceutes
1478 938 1486 979 a
1498 941 1508 977 ι
1519 924 1643 1002 Ascende
1655 926 1742 994 calve,
1755 928 1871 988 ascum

236 1021 393 1087 Cassianus,
407 1017 450 1074 cui
468 1014 640 1088 potissimum
663 1005 842 1068 famulaturus
867 1001 910 1063 est
932 1005 1032 1071 sermo,
1084 1011 1169 1068 calve.
1195 1010 1290 1080 r‘Quia
1309 1011 1407 1079 ludaei,
1425 1014 1500 1071 omui
1518 1017 1661 1092 gravitatis
1683 1011 1712 1074 ct¹
1733 1017 1872 1095 sapientia

237 1112 284 1169 diu
297 1107 406 1182 quidem
421 1103 511 1172 latuit,
530 1105 578 1161 sed
591 1118 654 1159 cum
670 1100 705 1157 ad
717 1109 857 1156 certarnen
870 1095 1044 1182 perventum
1075 1102 1314 1185 ponderassem,
1331 1101 1430 1182 illaque
1445 1087 1562 1182 pueritia
1580 1106 1695 1179 ,parvuli
1713 1107 1749 1163 de
1763 1124 1817 1181 quta
1833 1110 1872 1167 di-

236 1209 289 1267 est‚
312 1197 376 1272 quid
393 1194 558 1260 acrimoniae,
580 1189 644 1262 quid
666 1188 779 1261 saporis,
794 1175 1034 1260 quidfortitudinls
1084 1192 1175 1272 citur:
1194 1209 1204 1245 ι
1222 1190 1388 1274 Maledictus
1403 1206 1472 1264 puer
1496 1203 1606 1272 centum
1631 1198 1870 1268 sonorantium.

237 1306 352 1368 granum
382 1287 484 1358 sinapis
502 1277 825 1352 'occultaremaperurt
849 1276 923 1337 imo.
954 1275 1033 1346 j‘rrxta
1084 1281 1177 1352 cxv),
1192 1300 1203 1334 ι
1218 1295 1279 1337 euru
1300 1281 1335 1338 ad
1350 1281 1455 1350 locum,
1470 1282 1516 1362 qui
1536 1281 1790 1352 diciturculoorioe,
1809 1302 1869 1358 per·

237 1380 356 1439 nominis
369 1379 412 1436 sui
426 1374 601 1449 presagium,
624 1386 685 1428 cum
708 1369 736 1425 in
757 1366 892 1440 passionis
906 1364 958 1434 pila
973 1365 1033 1448 per‘·
1085 1361 1215 1437 trabunt,
1239 1381 1322 1452 atquc
1339 1369 1471 1452 adversus
1484 1386 1546 1429 euru
1568 1374 1698 1446 viperinis
1716 1375 1872 1434 irrisionum

239 1482 394 1529 secutorum
411 1463 537 1522 manibus
549 1457 627 1520 tundi
650 1457 733 1530 coepit
751 1466 778 1512 et
793 1455 886 1522 alleri,
901 1471 962 1511 rnou
975 1454 1032 1509 lra—
1083 1473 1111 1522 or
1127 1464 1334 1540 opprobriorum
1347 1461 1425 1519 iuriis
1440 1464 1769 1526 inardescunt5calvariae
1783 1477 1871 1526 antas

238 1561 371 1633 orantium
396 1551 540 1626 odoriierae
562 1550 714 1616 suavitatis,
738 1563 798 1619 qum
823 1547 852 1601 in
878 1560 907 1599 se
920 1545 1032 1611 latebat,
1083 1555 1160 1614 loeus
1173 1554 1217 1609 ille
1233 1553 1375 1630 dicebatur
1390 1566 1406 1608 a
1422 1551 1540 1610 calvitiis
1558 1555 1723 1627 amputatis,
1739 1558 1803 1628 quia
1820 1558 1873 1615 illic

237 1647 365 1722 aspersis.
383 1641 462 1705 Casia
475 1639 612 1716 'siquidem
635 1640 738 1712 species
748 1647 790 1695 est
801 1635 958 1700 escondied.
973 1646 1034 1705 ‘1⁰ae
1084 1641 1237 1702 damnatitii
1252 1641 1381 1700 decollari
1396 1652 1606 1702 consueverant.

235 1717 343 1814 'integra‘
366 1735 475 1810 quidem
500 1727 599 1790 nullius
620 1727 682 1788 esse
703 1725 811 1784 videtur
834 1719 942 1793 odoris;
968 1717 1032 1780 trita
1119 1719 1155 1792 Ει
1182 1734 1332 1791 rotondum
1353 1734 1417 1805 quia
1432 1734 1513 1804 pueri
1526 1735 1630 1805 egressi
1649 1737 1683 1794 oc
1701 1736 1813 1795 oirjroro
1829 1739 1872 1796 or.

235 1840 330 1904 artiora
344 1826 474 1884 naturalis
491 1825 546 1880 vim
560 1820 701 1880 suavitatis
714 1816 824 1874 emittit.
1046 1818 1071 1881 B
1086 1833 1205 1881 cuntur:
1221 1824 1367 1895 quoniam,
1380 1823 1452 1880 sicut
1462 1813 1608 1896 dpos'lulus
1621 1826 1660 1882 ait
1673 1841 1682 1881 ε
1697 1846 1708 1880 ι
1724 1827 1761 1885 llt
1772 1830 1874 1888 sancti-

272 1921 371 1979 Bcatus
393 1922 485 1990 ltaque
498 1903 653 1979 Cassianus,
668 1917 849 1981 angustorum
865 1901 935 1964 illius
947 1912 1033 1961 testa·
1084 1914 1179 1971 liceret
1191 1915 1241 1986 pe'r
1253 1927 1333 1970 suurn
1346 1913 1506 1985 sanguinem
1520 1915 1664 1985 populum,
1677 1926 1756 1973 extra
1767 1927 1873 1994 portam

239 2021 284 2068 tur
305 1996 431 2076 historia,
451 2008 515 2063 dura
539 1995 692 2063 scholarum
708 2001 802 2056 doctor
816 1993 955 2063 existeret,
971 1997 1034 2054 bre-
1083 2016 1180 2074 passus
1197 2009 1240 2060 est
1258 2001 1388 2060 Dominus
1402 1991 1492 2075 (liei.
1512 2003 1594 2075 xvir).
1610 2022 1620 2058 r
1634 2004 1720 2064 Porro
1738 2007 1813 2077 quod
1829 2024 1873 2066 se-

237 2103 371 2174 cibusque
381 2102 452 2158 nutis
463 2098 545 2156 verba
554 2090 783 2165 comprehendere
793 2103 892 2161 pueros
901 2085 1033 2156 erudiret,
1083 2092 1185 2168 quitur,
1206 2091 1336 2163 quoniam
1352 2091 1481 2163 regressi
1501 2092 1554 2149 duo
1572 2094 1630 2150 ursi
1648 2096 1683 2151 de
1701 2095 1788 2164 edun,
1806 2096 1874 2154 dila·

238 2208 287 2264 pro
298 2191 351 2248 lide
360 2189 462 2248 Christi
472 2189 506 2242 ad
520 2178 697 2257 questionem
706 2182 838 2238 deductus
847 2189 898 2236 est.
911 2178 1034 2250 Cumque
1084 2188 1249 2238 ceraverunt
1267 2196 1302 2238 ex
1318 2181 1360 2238 eis
1378 2177 1557 2266 quadraginta
1574 2184 1643 2240 duos
1659 2200 1771 2256 pueros,
1799 2197 1873 2261 uper

238 2273 297 2339 selo
317 2293 464 2338 succensus
483 2276 547 2336 fidei
565 2274 686 2344 judicum
700 2271 809 2329 decreta
835 2275 1032 2344 contemneret,
1083 2269 1227 2328 numerum
1251 2272 1397 2346 puerorum
1426 2271 1555 2347 numerus
1580 2270 1703 2344 signatur
1728 2273 1871 2332 annorum.

146 2437 154 2444 ,
238 2382 267 2430 et
278 2370 410 2428 sacrificia
422 2366 537 2440 prolana
550 2365 678 2430 calcaret,
694 2360 888 2432 discipulorum
907 2356 1033 2414 manibus
1084 2351 1298 2434 Quadragesimo
1321 2361 1441 2442 secundo
1468 2362 1567 2433 quippe
1588 2378 1661 2440 avano
1682 2350 1873 2438 post'llomini

238 2467 273 2524 ad
287 2463 461 2523 cruciandum
472 2460 587 2517 traditus
598 2465 658 2527 est;
671 2463 702 2512 ut
711 2451 765 2511 illis
776 2467 854 2509 versa
865 2452 925 2506 vioe
937 2465 1033 2522 poenas
1083 2452 1257 2524 passionem,
1272 2441 1345 2507 sicut
1358 2451 1477 2532 bistorice
1491 2454 1618 2520 tradunt,
1634 2451 1712 2510 Titus
1726 2464 1754 2511 ct
1770 2454 1872 2527 Vespa·

238 2557 399 2620 exsolveret,
418 2567 486 2626 mros
509 2549 566 2624 ipsc
587 2537 686 2606 dudum
701 2547 752 2606 sub
773 2543 922 2616 discipline
946 2541 1034 2599 serula
1085 2543 1195 2609 sianus,
1211 2541 1264 2596 duo
1279 2555 1358 2612 reges
1372 2540 1406 2596 de
1419 2540 1495 2623 silvis
1513 2543 1650 2612 nentium,
1672 2552 1799 2615 tanquam
1818 2548 1872 2604 duc
1967 2529 1974 2541 ⁸

238 2648 392 2705 terruisset.
407 2644 467 2699 lior
482 2644 573 2711 itaque
590 2638 754 2695 indumentis
775 2643 885 2702 exutus,
907 2632 1034 2690 nvanibus
1084 2629 1192 2714 feroces
1206 2630 1281 2697 ursi,
1296 2630 1330 2688 de
1349 2631 1419 2688 saltu
1437 2629 1559 2687 terarum
1578 2629 1795 2692 dilaceraverunt
1806 2652 1873 2707 puc-

239 2746 301 2812 post
313 2744 388 2807 terga
411 2733 522 2803 ligatur,
545 2735 652 2784 srnrato
673 2717 752 2800 stylis
771 2734 799 2779 et
818 2721 917 2779 mbulls
931 2735 1033 2791 puero·
1086 2735 1152 2785 ros;
1172 2719 1236 2790 quia
1254 2719 1397 2776 venientes
1414 2719 1450 2776 ad
1464 2721 1600 2780 escidium
1619 2713 1807 2795 Hierusalem,
1826 2726 1873 2783 ds·

238 2841 301 2886 rtem
327 2824 474 2880 furentium
499 2820 607 2894 agundae
630 2812 881 2879 circumfunditur;
911 2810 958 2880 oui
984 2825 1035 2865 un·
1085 2816 1256 2872 bellaverunt
1272 2816 1299 2871 in
1318 2813 1411 2872 lurore
1428 2815 1546 2873 ludeos.
1566 2817 1619 2874 Per
1637 2833 1736 2896 pueros
1753 2836 1819 2893 crgo
1835 2821 1874 2878 si-

239 2917 321 2987 dique
346 2921 525 2986 compunctus
547 2917 629 2981 atquc
651 2907 813 2976 discerptus,
839 2910 897 2960 toto
918 2915 1034 2971 corporo
1085 2904 1205 2975 gnidcati
1232 2901 1363 2977 santoni
1389 2906 1532 2963 [lominum
1555 2909 1770 2980 crucifixerunt3
1794 2914 1873 2984 pueri

240 3006 384 3064 laceratur.
423 3001 527 3060 Novum
564 2999 644 3070 plane
685 3005 714 3052 et
749 2993 908 3075 inusitatum
949 2993 1035 3063 gentis
1085 3003 1192 3069 qnoque
1219 3004 1284 3052 sunt
1304 2997 1350 3069 qui
1370 2997 1400 3053 B.
1420 2997 1580 3055 Cassianum
1599 3010 1746 3074 martyrem
1762 3004 1872 3063 occido.

239 3094 362 3167 martyrii
376 3092 508 3164 insignem
522 3085 577 3144 boo
589 3095 737 3160 martyrem
748 3082 929 3166 consecravit.
955 3080 1035 3140 Vide·
1086 3080 1159 3146 runt.
1181 3088 1303 3162 Utraque
1321 3089 1426 3148 scilicet
1444 3092 1499 3148 non
1519 3092 1649 3150 innocens
1666 3087 1805 3165 pueritia,
1825 3099 1873 3156 sed

240 3195 286 3244 tur
298 3193 387 3240 autern
414 3183 472 3238 lraec
493 3178 615 3249 martyrii
638 3174 744 3246 species
768 3172 802 3230 ad
826 3169 1033 3228 similitudinem
1046 3168 1070 3232 C
1084 3180 1182 3237 orfito,
1200 3185 1228 3238 oo
1253 3196 1387 3239 venenosa
1411 3183 1524 3239 malma·
1544 3184 1657 3242 Occisus
1685 3196 1728 3241 cst
1745 3187 1874 3248 cmm

239 3270 460 3348 comparandam,
476 3269 541 3325 rrulli
562 3266 658 3324 melius
680 3274 933 3344 possccougruere
950 3259 1034 3331 onam
1083 3280 1134 3340 pro
1164 3268 1313 3338 Cassiano,
1340 3267 1446 3326 occisus
1469 3278 1512 3327 est
1538 3271 1686 3332 Cassianus
1714 3291 1763 3346 pro
1788 3275 1873 3334 Cirri-

240 3365 292 3438 ipsi
318 3363 374 3438 rugi
400 3371 550 3432 martyrum
578 3357 692 3438 Domino
726 3353 872 3413 salvatori.
902 3351 972 3408 Naro
1005 3358 1034 3410 et
1082 3368 1145 3424 sto;
1171 3357 1364 3432 [lominuspro
1391 3373 1486 3427 servo,
1505 3370 1533 3418 et
1550 3378 1648 3430 servus
1665 3380 1715 3436 pro
1735 3351 1871 3434 bonnm

241 3457 326 3514 illea
355 3454 413 3514 suis
439 3441 565 3510 fidelibus
590 3448 698 3506 occisus
722 3454 783 3512 est,
813 3442 912 3504 iudaeis
936 3441 1033 3530 videli-
1082 3448 1189 3505 dicebat
1203 3447 1275 3504 enim
1289 3466 1297 3503 ε
1311 3467 1321 3501 ι
1336 3448 1406 3517 Quid
1421 3437 1569 3508 retribuam
1587 3443 1701 3511 θοιιιίιιιι
1715 3471 1766 3526 pro
1783 3457 1875 3514 omni·

240 3556 306 3613 ⁶⁰²2·
319 3546 399 3618 196
414 3543 512 3616 ouibus
527 3551 661 3613 precepta
676 3538 802 3610 1111111111
817 3536 928 3610 1110111ῑο
944 3534 1030 3607 *liiiio
1083 3539 1150 3606 bus,
1176 3539 1238 3610 q'uas
1263 3539 1390 3596 retribuit
1413 3529 1633 3601 milriicaliccm
1652 3545 1781 3603 minutis
1798 3548 1874 3606 aori·

241 3638 381 3706 descripta
401 3633 566 3698 tradiderat,
582 3644 655 3701 qnos
668 3627 840 3686 ceremoniis
867 3626 925 3683 suis
947 3625 1033 3682 sacri·
1082 3630 1171 3710 piam,
1188 3638 1223 3711 et
1235 3646 1333 3688 nomen
1353 3627 1460 3690 bomini
1479 3634 1612 3693 invocabo
1630 3635 1728 3708 (Prot.
1749 3654 1802 3696 ω
1813 3642 1835 3712 p
1859 3658 1870 3698 r

240 3728 421 3798 uotorumque
435 3721 534 3782 1ῑ1ῑ11118
546 3723 714 3780 111111111111
726 3735 735 3786 l
749 3732 818 3791 ques
832 3726 907 3776 11110
922 3718 958 3801 id
971 3731 1031 3772 ⁰¹¹¹·
1082 3719 1136 3777 sed
1150 3719 1194 3777 ille
1206 3721 1277 3779 mori
1290 3720 1485 3794 dignatusest,
1499 3735 1529 3781 ut
1542 3725 1616 3783 hunc
1628 3727 1663 3784 de
1674 3729 1725 3784 snb
1734 3728 1802 3802 iugo
1814 3729 1874 3788 ior.

240 3833 304 3880 bern
315 3816 423 3876 vivendi
435 3813 641 3888 rectitudinem,
654 3821 783 3882 mnqnanu
792 3806 963 3870 tenmossul·
973 3807 1032 3864 dis·
1082 3826 1135 3868 ree
1153 3809 1293 3870 servitutis
1308 3812 1455 3883 educeret;
1471 3815 1517 3872 isti
1534 3818 1604 3875 mori
1623 3818 1753 3876 donatum
1765 3829 1827 3890 est,
1842 3830 1873 3878 ut

137 3941 139 3944 -
239 3909 341 3980 cipliua
359 3906 688 3980 pueros,iniornsavorat.
706 3903 784 3962 Siout
797 3903 917 3976 ipseper
934 3900 1031 3956 isaiam
1081 3899 1117 3957 ad
1130 3899 1318 3958 hereditatem
1336 3900 1473 3970 dliorum,
1490 3904 1535 3962 eui
1554 3907 1690 3980 ascriptus
1706 3918 1788 3979 erat,
1805 3925 1872 3969 cura

239 4000 309 4056 elicit
325 4015 334 4054 r
353 4015 363 4050 ι
381 3996 466 4054 Filios
492 3995 607 4054 oruuivi
641 4001 669 4054 et
696 3993 834 4059 exaltavi,
860 3992 912 4064 ipsi
939 4000 1031 4048 auteur
1080 3989 1166 4062 gloria
1189 3989 1356 4063 perveniret
1373 3992 1453 4066 197
1467 3994 1514 4052 llle
1535 3998 1656 4069 suscepit
1678 4007 1814 4067 morum,
1840 4009 1873 4058 nt

160 4158 162 4161 y
239 4095 404 4162 spreverunt
427 4099 470 4143 ure
494 4085 570 4156 (leo.
610 4084 652 4160 ι).
676 4082 771 4140 »Nam
794 4093 822 4140 et
845 4082 883 4138 illi
905 4079 1031 4140 ornatos
1080 4075 1196 4140 mortem
1219 4084 1248 4140 in
1271 4099 1321 4141 sua
1344 4091 1428 4142 carrio
1451 4085 1624 4153 destrueret;
1646 4089 1698 4146 iste
1721 4092 1792 4147 mori
1816 4109 1872 4148 non

242 4178 374 4236 inaulita
388 4190 534 4248 puerorum
549 4167 661 4232 nomino
673 4173 747 4247 digai
759 4172 882 4239 inerant,
897 4172 944 4242 qui
955 4186 1032 4228 man·
1081 4171 1186 4239 timuit,
1212 4182 1243 4229 ut
1265 4163 1304 4229 ad
1322 4183 1462 4233 auctorem
1489 4169 1558 4233 vitae
1571 4178 1702 4250 triumphi
1721 4180 1765 4236 soi
1783 4182 1873 4237 virum

190 4329 193 4334 ,
240 4268 305 4324 data
334 4267 402 4336 legis
425 4266 674 4337 proplmtarnmquo
701 4264 830 4336 mysteria
844 4249 913 4319 ¹non
951 4262 1030 4318 senili
1070 4261 1195 4334 rinsignia
1212 4270 1375 4333 reportaret.
1393 4263 1440 4319 ille
1450 4268 1640 4334 persecutores
1664 4267 1775 4333 babuit,
1801 4286 1873 4340 quos

241 4357 377 4428 oravimus
394 4357 556 4429 pensabant,
586 4356 634 4411 sed
651 4354 743 4411 omnia
759 4343 980 4426 superficietenus
997 4367 1030 4409 ac
1079 4359 1237 4419 creaverat,
1258 4352 1309 4408 iste
1328 4361 1375 4409 eos
1395 4354 1539 4411 carnifices
1570 4355 1682 4427 pcrtulit
1700 4363 1770 4429 quos
1788 4361 1872 4417 dooe-

245 4444 386 4520 pueriliter
400 4445 607 4516 intelligebam,
619 4444 692 4514 quod
706 4457 767 4499 curn
782 4442 889 4500 diversa
904 4440 1027 4512 Scriptu·
1078 4443 1135 4497 bal.
1162 4440 1216 4510 Sed
1241 4441 1367 4510 cbristus
1392 4443 1420 4499 in
1444 4447 1564 4518 martyre
1582 4449 1632 4504 siro
1648 4451 1803 4522 pugnabat,
1823 4449 1872 4521 qni

242 4553 335 4596 rarum
348 4536 435 4608 possit
448 4523 611 4594 auctoritate
623 4534 743 4602 lirmari,
756 4527 782 4591 id
794 4542 899 4591 tantum
913 4531 1028 4590 suilleiat
1039 4501 1066 4561 D
1077 4534 1216 4607 pugnandi
1230 4536 1303 4592 vires
1318 4533 1527 4593 administrabat
1540 4555 1547 4603 ;
1565 4539 1591 4593 in
1606 4555 1640 4594 eo
1653 4540 1728 4598 solus
1743 4540 1799 4613 ipse
1812 4541 1873 4597 viu·

239 4627 287 4683 bic
302 4639 450 4699 apponere,
473 4626 544 4696 otrod
564 4623 810 4704 Eliscoprophete
828 4622 925 4695 legitur
942 4620 1028 4677 conti-
1079 4624 1159 4680 ccbat
1176 4623 1223 4694 oui
1239 4621 1314 4679 illum
1330 4623 1402 4681 inter
1414 4626 1567 4682 certamina
1582 4623 1739 4685 roborabat.
1757 4621 1827 4685 iiam
1841 4639 1873 4687 et

239 4719 322 4792 gisse.
342 4715 410 4771 Nam
434 4730 496 4772 cum
520 4715 679 4771 ascenderet
708 4725 758 4784 per
775 4711 846 4766 viana
872 4725 932 4782 que
956 4708 1030 4765 ducit
1080 4719 1137 4767 tota
1152 4711 1314 4768 universatis
1327 4712 1461 4778 Ecclesia,
1476 4714 1607 4770 virtutum
1625 4715 1710 4772 armis
1726 4717 1869 4782 accincta,

241 4805 353 4873 Bctbel,
381 4804 457 4877 pueri
484 4804 560 4875 parvi
579 4803 680 4874 egressi
699 4804 733 4860 dc
751 4803 861 4860 civitate
880 4802 1030 4858 illudebant
1080 4809 1176 4856 contra
1190 4800 1327 4857 diabolum
1342 4812 1391 4873 per
1408 4808 1493 4860 totuin
1508 4805 1632 4861 mortalis
1647 4803 1708 4861 iitre
1723 4805 1804 4877 hujus
1818 4823 1871 4865 ex·

241 4897 276 4962 ei,
287 4895 406 4956 dicentes
418 4910 425 4949 ι
439 4913 449 4946 ι
462 4893 597 4960 Ascende,
607 4893 696 4959 calve;
712 4891 837 4960 ascende,
852 4892 937 4947 calve.
952 4911 961 4944 r
976 4890 1029 4959 Qui
1080 4905 1190 4948 cursum
1205 4893 1233 4948 in
1248 4893 1362 4951 Christo
1370 4889 1498 4961 dimicat,
1515 4897 1549 4951 in
1560 4896 1670 4954 Cbristo
1686 4913 1795 4969 semper
1813 4915 1871 4956 non

240 5005 305 5046 eum
321 4988 495 5061 respexisset,
513 4987 580 5044 vidit
597 5001 655 5054 eos,
675 4995 704 5066 et
720 4986 859 5044 maledixit
877 4986 917 5041 eis
934 4985 960 5039 ln
981 5000 1027 5038 no·
1079 4993 1145 5047 sua,
1160 4981 1209 5036 sed
1222 4980 1280 5051 ejus
1294 4983 1394 5039 virtute
1408 4984 1565 5055 triumphat.
1581 4984 1657 5042 llanc
1669 4975 1748 5056 piane
1766 5002 1801 5042 ex
1819 5003 1875 5043 an-

242 5081 316 5158 mine
334 5078 451 5137 Domini.
470 5077 586 5147 Moxque
605 5073 746 5154 Scriptura
763 5071 918 5144 subjungit:
935 5092 944 5124 ι
959 5073 1028 5141 Quia
1080 5072 1155 5142 tiouo
1174 5073 1254 5160 boste
1271 5075 1434 5145 victoriam,
1454 5077 1518 5147 quia
1536 5077 1623 5134 noluit
1641 5071 1806 5154 Synagoga,
1823 5097 1873 5138 su·

241 5169 344 5242 egressi
359 5177 423 5226 sunt
437 5168 492 5222 duo
507 5163 562 5222 ursl
582 5166 615 5221 de
633 5164 720 5230 saltu,
739 5172 767 5222 et
786 5164 976 5219 laceraverunt
992 5176 1027 5217 ex
1080 5162 1167 5230 secpit
1184 5157 1315 5218 Ecclesia.

240 5243 282 5318 cis
300 5261 479 5332 quadraginta
497 5258 565 5316 duos
583 5272 683 5330 pucros
701 5253 764 5330 (ll'
779 5255 845 5327 lieo.
865 5255 914 5326 vr).
929 5273 940 5306 ι
956 5252 1029 5310 Sanc
1115 5251 1192 5320 erod
1204 5255 1290 5319 vobis,
1301 5254 1398 5313 iratres
1407 5241 1676 5323 cbarissimi,melius
1685 5259 1872 5324 ostendimur.

243 5351 307 5422 quid
331 5364 380 5421 per
403 5348 538 5416 Elissam,
558 5348 610 5404 nisi
629 5345 761 5404 Mediam
778 5345 824 5402 liei
841 5352 870 5401 et
887 5345 1027 5400 homiuum
1080 5343 1104 5399 si
1117 5344 1217 5399 veteris
1231 5344 1402 5400 instrumenti
1418 5346 1575 5412 victoriam,
1591 5363 1651 5419 que
1664 5363 1713 5418 per
1727 5347 1871 5405 mulierem

243 5434 324 5498 debet
341 5440 476 5512 intelligi?
493 5437 564 5507 Quid
582 5433 714 5510 vero'per
730 5433 839 5504 Beth'el,
857 5451 918 5508 qrrae
934 5435 1027 5489 domus
1080 5431 1151 5489 sacra
1167 5443 1218 5497 est,
1230 5434 1262 5488 ad
1277 5435 1435 5490 memoriam
1450 5450 1617 5493 revocemus.
1635 5435 1718 5500 Natu,
1733 5449 1763 5492 ut
1775 5439 1873 5508 paucis

244 5530 293 5586 ilci
308 5531 512 5604 interpretatur,
531 5530 584 5587 nisi
602 5517 743 5587 beatitudo
759 5526 879 5585 ccelesiis
895 5525 1028 5599 exprimi·
1077 5523 1170 5580 verbis
1188 5538 1266 5579 sacra
1285 5527 1532 5597 comprehendatur
1546 5527 1670 5590 historia,
1685 5529 1789 5585 llcbora
1801 5545 1873 5600 pro·

207 5661 215 5674 .
243 5618 310 5675 tur?
323 5619 374 5675 Per
392 5621 462 5675 uiam
478 5633 544 5692 ergo
561 5634 622 5691 oure
641 5618 715 5676 ducit
729 5615 845 5685 Betbel,
864 5613 1029 5686 Redemptor
1077 5615 1174 5686 phetes
1187 5629 1256 5670 uxor
1268 5614 1411 5687 bapidotb,
1427 5616 1565 5689 judicabat
1579 5617 1706 5689 populum
1732 5619 1777 5675 illo
1800 5630 1872 5676 tem-

245 5721 339 5766 nostcr
360 5709 537 5776 ascendebat,
557 5710 665 5780 qunndo
688 5708 806 5780 passioni
829 5704 1028 5778 appropinqua·
1077 5719 1155 5777 porc,
1169 5713 1197 5763 et
1209 5705 1320 5764 sedebat
1341 5708 1392 5765 sub
1409 5707 1496 5779 palma
1510 5710 1583 5767 inter
1596 5701 1681 5766 Rama
1712 5719 1739 5766 et
1754 5710 1870 5774 Bctbcl.
