4100 6209
109 395 160 453 itt
844 382 971 446 SERMO
989 379 1122 443 XXXIX.
1806 383 1859 441 itt

106 519 141 578 in
155 522 251 577 monte
263 514 412 589 Ephraim,
423 512 673 589 ascendebantque
684 512 720 572 ad
734 527 798 571 eam
809 510 862 572 lilii
874 487 1120 578 israelbteiliait
1141 508 1214 566 Nam
1234 522 1301 566 cum
1315 506 1539 565 catechumenus
1553 505 1665 564 lavacro
1680 505 1753 564 sacri
1772 505 1861 565 tontis

109 610 140 667 in
168 619 255 666 omne
280 601 426 678 iudicium
450 602 535 672 (tad.
553 605 605 671 iv).
634 599 689 661 Sed
719 600 760 660 sic
787 600 823 658 ad
852 600 965 660 exitum
1006 595 1201 671 immergitur,
1225 603 1362 670 tanquam
1386 594 1482 654 Sisara
1501 608 1568 654 cum
1589 609 1642 654 suo
1661 595 1800 665 exercitu,
1820 595 1863 654 sic

108 695 233 756 celerius
255 691 436 768 peruenitur,
461 691 497 763 si,
519 689 590 749 dum
618 689 739 749 bistoria
764 689 884 761 texitur,
916 702 967 762 per
1005 687 1205 763 nequissimus
1224 686 1343 761 spiritus
1359 701 1425 747 cum
1441 684 1498 755 bis,
1511 701 1579 761 quaa
1592 685 1648 745 sibi
1662 685 1799 757 militant,
1815 685 1860 746 ri·

110 790 205 860 partes
225 780 341 840 interim
359 783 533 853 exponatur.
555 778 610 838 Per
626 778 767 837 Deberem
792 793 872 850 sane,
898 792 966 851 quaa
1006 777 1055 836 tiis
1068 777 1206 836 omnibus
1218 792 1335 836 neeesse
1348 785 1390 836 est
1402 776 1571 851 perimatur.
1592 775 1751 851 Respondit
1763 783 1862 836 autem

112 874 223 946 toqeets
247 871 309 929 sira
335 871 399 942 opis
424 867 640 942 interpretatur,
662 867 812 942 prophetia
836 882 895 927 non
918 867 967 925 in·
1006 868 1116 928 Baracb
1131 868 1167 927 ad
1183 866 1342 928 beboram:
1355 866 1483 928 Sirenis
1496 882 1620 935 mecum,
1635 868 1759 941 radam3
1774 867 1799 927 si
1814 884 1866 928 ne

110 960 318 1023 conuenienter
330 956 478 1031 accipitur.
500 957 572 1031 Apis
588 957 696 1032 quippe
711 956 868 1029 mellificat,
888 956 967 1017 etde
1008 957 1097 1017 lueris
1117 956 1226 1026 venire,
1249 971 1308 1016 nou
1326 972 1454 1032 pergam.
1473 958 1516 1016 Ac
1530 957 1555 1016 si
1570 957 1694 1016 carnalis
1710 956 1759 1016 ille
1775 957 1863 1018 lsrael

111 1048 261 1127 propbctia
282 1062 334 1122 per
360 1045 544 1105 Pmlmetam
572 1044 702 1105 dicitur:
726 1069 740 1098 e
755 1046 848 1117 Quam
871 1045 968 1105 dulcia
1007 1046 1167 1122 prophetiae
1184 1046 1377 1121 respondeat:
1401 1047 1464 1106 Nisi
1485 1048 1571 1122 juxta
1589 1047 1709 1123 littems,
1729 1054 1757 1108 et
1780 1048 1864 1123 quasi

109 1140 246 1200 lancibus
268 1137 343 1196 meis
364 1134 482 1211 eloquia
506 1139 567 1205 tua,
592 1133 725 1208 Domine,
749 1151 836 1211 super
858 1135 916 1194 mel
941 1141 969 1194 et
1008 1134 1169 1196 secundum
1188 1134 1361 1195 muliebrem
1376 1133 1557 1195 intellectum
1572 1142 1600 1195 te
1618 1151 1733 1197 mecum
1751 1152 1865 1212 semper

110 1230 213 1288 larum
227 1226 271 1286 ori
284 1224 367 1284 meo!
386 1225 468 1298 (Psoi.
484 1225 599 1298 exsut.)
610 1249 624 1274 ι
639 1223 760 1284 Interim
778 1224 846 1285 nolo
860 1239 912 1284 ros
930 1224 970 1283 la·
1009 1225 1148 1288 habuero.
1167 1223 1316 1298 spirituale
1332 1231 1477 1284 certamen
1495 1223 1614 1298 aggredi
1630 1239 1687 1283 non
1707 1238 1863 1299 praesumo.

110 1323 180 1387 teat,
198 1311 391 1383 dilectissimi,
410 1310 480 1387 quia
499 1310 618 1371 blstoria
640 1312 713 1383 baec,
733 1327 823 1388 quam
843 1317 970 1371 tractan-
1009 1313 1064 1373 Cui
1078 1312 1188 1372 Debere
1199 1336 1206 1371 :
1219 1312 1269 1372 ibo
1285 1314 1403 1389 quidem
1420 1319 1525 1386 tecum,
1540 1313 1590 1373 sed
1606 1313 1658 1373 tibi
1673 1314 1792 1374 victoria
1805 1329 1865 1373 nou

110 1406 181 1466 mm
194 1420 231 1465 ex
249 1403 399 1464 mmsiom
416 1403 608 1478 suscepimus,
626 1402 760 1477 pluribus
776 1403 887 1478 indiget
904 1420 970 1463 ver·
1010 1404 1201 1478 reputabitur,
1226 1404 1296 1477 quia
1320 1405 1351 1464 in
1372 1419 1493 1464 manum
1512 1406 1645 1465 mulieris
1673 1407 1800 1468 tradetur
1822 1405 1869 1467 Si·

111 1495 169 1567 bis,
185 1493 255 1569 quia
266 1491 542 1567 multisestreplcta
551 1491 773 1567 mysteritszsed
789 1490 971 1551 eamidcirco
1010 1509 1084 1554 sara.
1110 1492 1197 1553 Velut
1216 1493 1241 1552 si
1265 1499 1399 1554 vetustus
1422 1492 1473 1552 ille
1492 1493 1618 1568 populus
1639 1493 1740 1554 audit:
1759 1494 1869 1555 Tecum

112 1582 169 1643 sub
195 1581 336 1641 brevitate
359 1579 568 1650 contrabimus,
590 1586 624 1639 ut
643 1579 828 1639 dilectionem
844 1587 970 1640 restrum
1011 1577 1129 1654 quidem
1143 1579 1199 1638 erit
1214 1580 1351 1652 exterior,
1365 1587 1399 1639 ut
1413 1578 1552 1655 postulas,
1568 1580 1733 1655 prophetia;
1751 1581 1802 1641 sed
1815 1582 1870 1657 spi·

113 1668 626 1749 prolixitatisttedlonongraremus.
640 1668 862 1729 Consideremus
874 1670 972 1745 itaque
1010 1668 1146 1728 ritualem
1165 1682 1202 1726 ex
1217 1667 1339 1742 antiquo
1362 1667 1444 1727 boste
1463 1667 1658 1742 triumphum,
1678 1684 1737 1729 non
1757 1676 1800 1742 tu,
1820 1669 1869 1729 sed

112 1761 165 1823 nbi
179 1757 280 1820 ιάιιιιι
296 1753 402 1818 babere
413 1757 560 1834 prophetia
574 1756 758 1828 describitur,
773 1756 908 1818 videlieet
917 1755 972 1819 sub
1012 1763 1110 1818 sancta
1123 1757 1219 1831 potius
1234 1749 1377 1817 obtinebit
1390 1756 1526 1816 Ecclesia.
1544 1755 1590 1815 llli
1606 1763 1693 1828 certe,
1707 1756 1752 1816 illi
1766 1773 1870 1832 prore·

113 1850 222 1929 palma,
233 1849 304 1924 quia
322 1863 397 1923 quos
413 1847 580 1923 prophetica
595 1846 724 1907 doctrina
736 1847 798 1909 suis
811 1845 1076 1925 institutio-quiet
1087 1846 1153 1920 jure
1173 1843 1301 1914 nicorio,
1317 1861 1384 1919 quae
1400 1847 1432 1905 in
1448 1841 1604 1919 Scripturas
1624 1845 1780 1920 mysteriis,
1800 1846 1872 1908 dum

113 1940 205 2000 nibus
217 1937 324 2009 erudit,
339 1935 376 1996 ad
390 1936 516 2013 palmam
531 1951 666 2012 supernae
674 1937 834 1997 vocationis
843 1938 970 2010 adducit,
1016 1933 1177 2011 spiritualis
1190 1932 1389 2008 intelligentias
1409 1934 1568 1995 medullam
1582 1938 1698 2012 quaerit,
1716 1935 1873 1997 occidentis

114 2028 247 2103 dumque
263 2041 313 2101 per
326 2038 391 2083 eam
411 2024 544 2084 homines
562 2025 681 2085 nitendi
700 2025 832 2085 ordinem
847 2026 973 2096 discunt,
1017 2025 1121 2083 litterae
1135 2024 1229 2098 paleas
1250 2039 1422 2099 magnopere
1435 2039 1492 2084 non
1509 2024 1639 2084 attendit.

118 2118 258 2176 citiorum
270 2112 477 2173 rebellantium
491 2115 614 2173 victores
626 2114 712 2174 liunt.
727 2114 786 2173 Nec
797 2121 975 2189 praetereun·
1054 2112 1216 2172 Commisso
1231 2113 1330 2187 itaque
1347 2113 1422 2172 bello
1441 2112 1558 2172 taudem
1576 2114 1651 2188 fugit
1665 2113 1762 2175 Sisara
1777 2115 1809 2175 in
1822 2114 1875 2175 do·

118 2206 192 2265 dum
205 2204 284 2280 quod
303 2203 380 2263 inter
398 2203 489 2262 Rama
507 2209 536 2263 et
553 2202 653 2263 Betbel
672 2202 781 2262 sedisse
798 2203 976 2280 perbibetur.
1019 2218 1103 2263 mum
1116 2201 1210 2272 label,
1230 2201 1404 2277 alienigene
1419 2202 1553 2262 videlicet
1566 2202 1710 2264 mulieris.
1724 2204 1795 2275 Quae
1808 2219 1875 2279 pro·

121 2295 216 2355 Rama
229 2293 377 2369 siquidem
392 2295 510 2359 mactae,
526 2292 626 2353 Betbel
644 2295 739 2352 domus
753 2298 813 2366 bet,
831 2296 905 2355 sicin
917 2295 977 2371 jam
1022 2292 1093 2352 iacto
1117 2291 1225 2352 sitienti
1249 2298 1343 2350 utrem
1367 2290 1449 2350 lactis
1471 2293 1585 2367 aperuit
1608 2299 1636 2352 et
1656 2300 1757 2368 potum
1776 2294 1873 2366 dcdit;

121 2385 267 2456 diximus,
288 2383 503 2459 interpretatur.
523 2382 611 2445 Recte
630 2382 719 2458 igitur
736 2384 885 2460 pmpbetia
903 2383 979 2443 inter
1020 2380 1125 2439 deinde
1137 2379 1254 2439 clarum
1269 2378 1299 2438 in
1316 2379 1466 2439 cerebrum
1485 2381 1551 2456 ejus
1565 2396 1616 2455 per
1637 2390 1876 2459 tempusutrum·

123 2476 215 2536 Rama
232 2479 261 2532 et
279 2471 379 2532 Betbel
401 2471 530 2532 babitare
549 2472 739 2546 describitur;
760 2475 829 2549 quia
847 2473 980 2548 quisquis
1021 2483 1078 2543 que
1098 2466 1211 2538 defixit,
1236 2468 1337 2540 sicque
1351 2465 1383 2525 in
1404 2467 1532 2527 bominis
1557 2469 1651 2544 specie
1676 2487 1878 2546 perversorum

123 2561 301 2641 propheticis
310 2561 405 2620 studet
417 2559 572 2634 invigilare
582 2561 731 2632 doctrinis,
745 2561 879 2637 quisquis
890 2577 981 2621 sacra·
1022 2558 1155 2619 omnium
1171 2563 1256 2632 caput
1271 2557 1419 2617 diabolum
1434 2558 1586 2619 interiecit.
1605 2559 1679 2632 Quid
1692 2562 1770 2621 enim
1783 2559 1878 2634 dahel,

122 2668 192 2712 rum
205 2649 543 2724 Scripturammsincere
557 2654 637 2709 vacat
652 2650 785 2725 eloquiis,
801 2650 843 2710 sic
853 2650 884 2709 in
896 2648 981 2710 domo
1022 2665 1090 2724 quae
1105 2651 1226 2706 mommo
1239 2647 1452 2722 interpretatur,
1467 2648 1524 2708 nisi
1536 2657 1663 2709 sanctam
1678 2649 1811 2724 designat
1823 2650 1880 2709 Ee·

124 2741 176 2801 bei
192 2754 245 2815 per
257 2737 435 2799 desiderium
449 2739 555 2798 mentis
568 2739 720 2807 iubabitat,
742 2746 776 2798 ut
790 2754 848 2799 non
864 2739 983 2799 infirma
1023 2739 1152 2812 alesiam,
1168 2755 1221 2814 per
1237 2753 1326 2813 quam
1340 2738 1474 2798 videlicet
1489 2738 1580 2799 solam
1595 2740 1742 2800 beatitudo
1758 2740 1883 2801 coelestis

123 2838 152 2887 et
180 2831 396 2898 momentanea,
419 2825 468 2886 sod
491 2825 607 2886 excelsa
631 2826 726 2900 potius
746 2833 832 2900 atque
856 2826 984 2887 coelestia
1024 2829 1210 2889 ostenditur?
1225 2828 1309 2889 Unde
1324 2836 1352 2889 et
1368 2827 1521 2904 synagoga
1535 2828 1571 2889 de
1585 2831 1685 2890 eadem
1698 2831 1825 2891 Ecclesia
1838 2832 1884 2891 di·

125 2932 243 2992 semper
256 2917 394 2993 inquirat.
1025 2916 1064 2977 cit
1078 2918 1107 2976 iu
1120 2915 1263 2982 Canticis:
1277 2942 1291 2970 ι
1311 2916 1381 2988 Ouae
1395 2926 1437 2978 est
1456 2921 1520 2990 ista,
1541 2936 1610 2993 que
1628 2920 1756 2980 ascendit
1775 2919 1811 2979 de
1832 2920 1884 2979 de-

161 3006 237 3066 Hmc
251 3007 364 3066 vocavit
381 3007 463 3066 adse
479 3006 598 3066 Baracb.
616 3006 705 3067 Porro
719 3006 828 3067 Baraclr
842 3009 985 3082 interpre-
1027 3014 1102 3067 serto
1115 3007 1229 3066 deliciis
1242 3007 1376 3078 adluens,
1390 3007 1494 3066 innixa
1503 3023 1590 3083 super
1600 3008 1738 3068 dilectum
1751 3007 1883 3067 suomi»

127 3103 207 3156 tatur
223 3098 383 3156 consentio
397 3096 564 3157 coruscatio
581 3104 678 3156 autem
699 3096 783 3157 babet
800 3098 919 3173 quidem
939 3098 986 3156 lu·
1028 3099 1118 3167 (cent.
1134 3099 1211 3166 vttt.)
1225 3096 1294 3155 llaee
1313 3095 1420 3155 mulier
1435 3097 1599 3171 'alienigena
1618 3099 1685 3170 luit,
1698 3100 1769 3174 quia
1788 3106 1887 3159 sancta

125 3201 202 3257 cem,
221 3186 272 3245 sed
297 3200 355 3245 non
376 3183 489 3245 diutius
511 3192 738 3259 permanentem.
767 3187 834 3245 ilos
854 3186 933 3245 enim
952 3185 1156 3283 utcEcclesia
1174 3184 1210 3243 dc
1233 3185 1395 3258 gentilitate
1418 3187 1566 3260 processit.
1592 3186 1663 3247 Haec
1688 3187 1886 3248 Israelitarum

128 3274 228 3334 lucere
242 3273 354 3348 incipit,
366 3272 561 3333 illicodelicit.
578 3274 688 3333 Baracb
704 3275 794 3348 igitur
810 3274 863 3334 iste
874 3273 983 3333 israeli·
1029 3276 1141 3334 bostem
1159 3274 1241 3349 prius
1261 3275 1332 3333 lacte
1351 3275 1470 3350 potavit,
1493 3283 1590 3351 postca
1608 3277 1701 3351 pilum
1716 3279 1802 3353 capiti
1822 3278 1886 3352 ejus

128 3364 177 3422 tici
198 3361 301 3438 populi
315 3362 439 3437 liguram
456 3367 544 3433 tonet,
566 3363 619 3438 qui
638 3363 750 3436 primus
768 3363 900 3422 omnium
921 3378 988 3436 pro-
1029 3365 1127 3424 intixit
1139 3382 1147 3434 ;
1161 3365 1230 3439 quia
1243 3365 1365 3423 humani
1382 3366 1497 3439 generis
1512 3366 1677 3438 inimicum,
1689 3382 1777 3441 quem
1788 3376 1886 3427 sancta

128 3454 253 3530 piraticis
265 3454 428 3514 instructus
441 3454 576 3525 oraculis,
590 3453 808 3528 aliquantulum
823 3452 940 3528 quidem
955 3453 987 3511 in
1029 3454 1112 3530 prius
1123 3452 1251 3512 Ecclesia
1263 3453 1416 3513 carnaliter
1424 3452 1550 3514 mecedo
1563 3455 1688 3528 lactarit,
1702 3457 1886 3534 postmodum

127 3550 245 3619 aoeepta
261 3543 323 3618 iege
342 3543 467 3616 relulsit,
491 3543 542 3603 sed
568 3544 650 3603 brevi
674 3551 800 3618 tempore
815 3541 987 3603 coruscarit.
1030 3544 1220 3621 spiritualiter
1230 3545 1439 3613 conversando,
1453 3546 1579 3622 quodam
1589 3547 1725 3606 acumine
1734 3562 1768 3606 ac
1779 3545 1887 3607 virtuts

128 3633 162 3693 lu
177 3633 245 3708 loge
258 3633 377 3708 quippe,
393 3630 430 3690 de
443 3647 502 3708 qua
514 3632 625 3692 dictum
638 3638 680 3692 est
700 3656 706 3690 :
735 3657 749 3682 κ
763 3632 896 3692 Lucerna
907 3630 989 3706 pedi·
1029 3634 1124 3694 crucis
1137 3634 1289 3694 exstinxit.
1305 3634 1367 3695 Nisi
1384 3636 1464 3694 enim
1477 3634 1651 3695 insatiabilis
1667 3635 1810 3696 bomicida
1826 3651 1888 3711 per·

129 3723 184 3783 bns
204 3722 281 3781 meis
299 3721 424 3782 verbum
444 3730 539 3792 tuum,
558 3721 691 3794 Domine,
711 3730 738 3781 et
760 3720 860 3782 lumen
879 3720 990 3780 semitis
1029 3723 1171 3783 ditionem
1183 3722 1306 3782 bomani
1318 3726 1433 3798 generis
1444 3722 1614 3797 inexplebili
1625 3740 1742 3798 prorsus
1751 3725 1888 3785 ariditate

130 3812 205 3873 meis
225 3815 314 3882 (Psoi.
344 3815 458 3884 mitit),
472 3837 486 3862 »
511 3812 651 3888 antiquus
672 3811 724 3871 ille
745 3811 870 3887 populus
896 3811 990 3870 luoere
1030 3813 1131 3881 sitiret,
1145 3812 1182 3871 de
1195 3812 1246 3872 illo
1258 3819 1333 3873 certe
1346 3811 1493 3888 Scriptura
1504 3829 1564 3873 nou
1579 3812 1702 3874 diceret:
1718 3839 1730 3864 a
1746 3814 1887 3874 Absorbe-

129 3901 229 3977 cmpit,
245 3900 400 3961 seddesiit.
415 3902 575 3961 Coruscum
586 3901 669 3976 quasi
680 3899 767 3960 claras
778 3900 847 3959 ritas
858 3899 988 3976 protulit,
1032 3902 1073 3963 bit
1099 3902 1233 3972 durium,
1262 3909 1291 3961 et
1316 3917 1374 3963 non
1399 3902 1561 3972 mirabitur,
1585 3910 1613 3962 et
1634 3903 1721 3963 babet
1750 3903 1887 3963 fiduciam

130 3991 229 4050 sedin
245 3989 349 4051 lucidis
361 3991 499 4068 operibus
517 4006 575 4050 non
592 3991 760 4065 permansit.
780 3991 854 4050 Nam
867 3991 939 4051 dum
949 3991 991 4050 di·
1031 3994 1110 4068 quod
1124 3993 1229 4053 induat
1241 3992 1376 4054 iordanis
1390 3993 1420 4050 in
1433 4008 1465 4051 os
1479 3993 1542 4066 ejus
1558 3994 1616 4065 (tob
1630 3996 1689 4067 xc).
1708 4015 1718 4043 ‚
1746 3992 1804 4054 Lac
1819 4010 1887 4054 nero

129 4087 231 4141 carent
248 4100 254 4139 :
274 4104 285 4132 ι
302 4080 419 4152 Omnia,
447 4097 514 4157 quaa
537 4082 706 4157 preceperit
728 4081 812 4141 nobis
835 4081 990 4152 Dominus,
1032 4082 1144 4141 tructus
1158 4088 1202 4140 est
1217 4082 1325 4153 carnis,
1340 4087 1368 4141 et
1385 4079 1584 4140 blandimenta
1602 4080 1726 4141 carnalis
1745 4081 1888 4157 siguificat

131 4177 160 4230 et
172 4169 333 4230 audiemus
349 4178 379 4230 et
397 4171 550 4243 iaciemus,
565 4196 578 4221 a
595 4187 660 4231 ecce
676 4171 761 4246 quasi
782 4171 835 4230 lux
855 4184 989 4230 corusca·
1033 4172 1199 4246 voluptatis.

131 4257 436 4334 doais1iidexorta3
453 4262 502 4321 sed
514 4261 586 4321 dum
597 4267 714 4337 repente
727 4268 882 4322 curvarent
893 4277 990 4336 genua
1068 4262 1204 4333 Quandiu
1220 4277 1289 4336 ergo
1307 4260 1424 4337 gentilis
1443 4262 1568 4338 populus
1582 4262 1670 4337 juxta
1686 4262 1778 4339 legem
1793 4263 1888 4324 carnis

48 4411 49 4416 ,
130 4348 293 4422 anteBaal,
308 4365 374 4410 ecce
396 4351 558 4411 coruscatio
571 4350 724 4411 ridebatur
737 4351 890 4411 exstincta.
911 4350 992 4410 ltixit
1033 4350 1204 4426 voluptuose
1229 4351 1314 4418 vixit,
1338 4355 1475 4426 tanquam
1503 4351 1556 4421 lac,
1577 4351 1616 4411 ita
1639 4352 1708 4412 vitta
1732 4348 1804 4410 teo
1826 4367 1889 4413 suas

131 4454 203 4516 ergo
230 4440 341 4500 Debora
360 4440 396 4500 ad
422 4440 553 4501 Baracb:
575 4441 743 4516 «Praecepit
764 4441 817 4500 tibi
848 4441 991 4502 murinus
1033 4440 1185 4499 mollitiem
1211 4439 1334 4511 sitienti,
1360 4448 1481 4498 mortem
1504 4447 1633 4499 nostram
1652 4439 1768 4499 diabolo
1791 4441 1889 4516 propi·

50 4543 52 4558 *
132 4528 211 4590 beas
223 4527 312 4588 lsrael
324 4549 331 4588 ι
343 4529 426 4590 'l'olle
446 4541 541 4592 tecum
559 4530 659 4591 deomu
675 4529 768 4590 millia
783 4538 987 4606 pugnatorum,
998 4528 1124 4643 Dararit.
1139 4531 1177 4586 At
1186 4536 1339 4602 postquam
1349 4529 1405 4586 sub
1414 4527 1533 4603 spiritus
1543 4543 1574 4587 se
1584 4527 1736 4602 disciplina
1748 4529 1891 4588 coustrin-

129 4627 160 4677 ct
175 4618 252 4678 rade
265 4618 298 4678 in
313 4625 440 4678 montem
459 4618 585 4680 Tbabor.
602 4620 663 4694 Epo
681 4627 778 4680 autam
794 4620 934 4680 adducam
951 4620 987 4679 ad
1034 4619 1087 4688 xit,
1109 4616 1226 4676 invictae
1243 4631 1312 4674 mox
1335 4616 1429 4675 crucis
1444 4632 1523 4676 arma
1547 4616 1696 4689 corripuit,
1718 4618 1889 4692 bostemque

131 4712 159 4764 te
171 4705 206 4765 in
220 4705 317 4766 locum
335 4697 471 4767 torrentis
483 4707 569 4768 dison
587 4704 713 4768 Sisaram
727 4706 886 4783 principem
902 4722 988 4766 exer·
1032 4707 1134 4766 salutis
1152 4707 1297 4772 humanae,
1317 4720 1404 4780 quern
1419 4705 1532 4764 dudum
1546 4704 1703 4780 voluptatis
1717 4704 1790 4764 lacte
1810 4714 1889 4779 pota·

129 4796 208 4856 citus
223 4796 323 4869 iabin,
336 4804 366 4858 et
378 4811 482 4858 curros
494 4799 558 4874 ep‘us
570 4812 745 4872 omnemque
758 4797 988 4867 multitudinem,
1033 4804 1121 4866 verat,
1136 4811 1216 4856 nuuc
1227 4795 1408 4870 peanitentiae
1422 4794 1533 4854 munita
1547 4795 1691 4869 prasidio,
1702 4793 1781 4869 ligno
1795 4801 1890 4854 trans·

130 4883 305 4961 eadamque
319 4899 368 4946 eos
381 4887 412 4945 iu
428 4901 520 4946 manu
541 4893 588 4946 tua
604 4887 677 4959 (tud.
697 4887 745 4958 tv).
758 4910 772 4937 a
793 4885 944 4961 Tanquam
963 4885 989 4944 si
1032 4888 1107 4948 lixit.
1124 4885 1173 4948 Sic
1189 4886 1289 4960 itaque
1303 4900 1392 4960 quem
1405 4884 1561 4945 Israelitico
1580 4885 1660 4959 plebs
1679 4900 1816 4960 superare
1831 4900 1888 4944 non

130 4987 187 5047 per
199 4973 394 5048 propbeticam
407 4974 569 5036 doctrinam
580 4974 669 5050 priori
682 4973 789 5050 populo
803 4973 880 5034 Deus
891 4973 986 5033 omni·
1031 4980 1134 5055 potuit,
1151 4977 1305 5053 peregrina
1332 4975 1448 5048 mulier,
1465 4977 1518 5034 boc
1544 4982 1586 5035 est
1609 4975 1725 5050 gentilis
1752 4973 1889 5045 Ecclesia,

130 5067 238 5136 potens
251 5062 343 5123 dicat:
358 5063 460 5123 [ιειιιιιι
472 5069 615 5139 praecepta
627 5062 699 5138 legis
710 5079 836 5136 assume,
851 5069 879 5122 ct
894 5062 989 5121 rictu-
1032 5069 1093 5127 solo
1106 5066 1203 5126 crucis
1218 5066 1298 5140 ligno
1311 5065 1472 5140 prostrauit.

130 5155 196 5210 tum
220 5152 336 5211 eulmen
355 5153 489 5226 ascende,
508 5153 608 5227 sicque
627 5153 814 5228 reproborum
828 5150 988 5226 principem
1069 5154 1144 5214 Hinc
1172 5162 1213 5214 est
1235 5154 1312 5230 qood
1335 5161 1363 5211 et
1383 5151 1431 5211 bic
1453 5152 1663 5212 invictissimus
1684 5151 1790 5212 Cbristi
1808 5151 1893 5211 miles

129 5254 167 5299 ac
179 5240 271 5300 totius
285 5241 451 5318 iniquitatis
467 5245 626 5316 auctorem,
640 5257 687 5302 me
702 5242 754 5301 tibi
774 5240 849 5300 vires
861 5238 989 5300 admini·
1032 5240 1065 5301 B.
1082 5241 1237 5302 Cassianus
1253 5241 1330 5298 inter
1344 5238 1517 5313 pmrissima
1537 5253 1690 5313 poenarum
1711 5253 1829 5298 suanrm
1843 5245 1895 5299 tor.

130 5335 253 5402 suanm,
264 5341 424 5407 prosterne.
1033 5337 1130 5391 menta
1155 5331 1285 5406 superari
1313 5343 1369 5388 non
1394 5330 1498 5403 potuit,
1520 5329 1590 5404 quia
1614 5344 1673 5388 non
1698 5345 1767 5389 eum
1801 5329 1894 5390 terrea

167 5418 478 5496 Neepraetereundum
492 5423 570 5499 quod
585 5422 716 5498 princeps
736 5420 787 5480 ille
809 5419 922 5479 militiae
942 5418 989 5479 Si·
1033 5421 1120 5480 lorica
1143 5415 1342 5486 circumdedit,
1366 5432 1424 5476 nou
1449 5417 1531 5489 palea
1558 5418 1672 5476 cristata
1695 5420 1830 5492 protexit,
1844 5418 1894 5479 sed

130 5523 211 5582 nra,
230 5511 282 5584 qai
295 5509 452 5587 perditioni
470 5512 612 5587 proxima
627 5515 689 5571 erat
705 5510 861 5583 obnoxius,
879 5508 915 5567 ad
931 5512 989 5566 tor·
1033 5509 1148 5584 lignum
1171 5508 1369 5569 tantummodo
1389 5508 1483 5568 crucis
1501 5509 1633 5572 armarit.
1656 5508 1729 5569 Nam
1749 5509 1801 5586 qui
1821 5507 1895 5585 ligni

129 5604 250 5660 mntem
263 5601 351 5663 dison
363 5603 587 5681 promittebatur
599 5607 684 5663 anea
695 5600 893 5662 deducendus.
914 5599 990 5673 Quia
1036 5599 1125 5675 liujus
1137 5597 1247 5659 uexillo
1258 5598 1401 5670 munitur,
1414 5597 1572 5672 spiritualis
1581 5599 1722 5676 nequitias
1730 5599 1897 5661 conflictum

129 5687 284 5766 enimper
298 5698 454 5753 tenentem
469 5689 566 5764 dison,
584 5691 642 5751 uisi
658 5689 819 5765 baptismus
835 5689 918 5751 debet
940 5692 989 5752 in·
1037 5705 1163 5752 securus
1185 5690 1361 5766 aggreditur.
1394 5688 1456 5749 lloc
1482 5689 1597 5764 signum
1619 5697 1719 5751 eontra
1746 5687 1837 5749 David
1861 5685 1899 5747 ad

278 5807 408 5870 Parnon„
423 5807 547 5871 οων.
1603 5863 1608 5872 ,
1716 5804 1752 5864 23
