4100 6209
188 255 239 318 stt
496 258 526 318 S.
547 259 658 321 PETRI
676 258 838 320 eiulatu
855 258 934 321 OPP.
957 258 1053 321 PARS
1073 257 1145 321 SEU
1163 256 1289 320 'I'OMUS
1308 258 1345 320 ΙΙ.
1367 291 1403 312 -
1420 255 1629 321 SERMONES.
1886 259 1943 320 ΒΗ

187 384 275 445 etiem
300 385 442 446 virtutum
469 386 598 447 vestibus
622 386 770 460 induatur,
799 386 874 448 sieut
895 385 1212 464 scriptnmtredemit,
1229 384 1313 446 lesus
1336 384 1469 446 Christus
1493 385 1637 446 Dominus
1663 389 1769 458 neser,
1792 385 1847 460 qui
1873 397 1941 446 enm

188 479 232 532 est
258 492 266 533 ε
294 497 308 525 ι
332 473 496 534 Sacerdotes
522 474 563 534 tui
598 476 760 535 induantur
783 476 927 551 justitiam
950 479 1040 545 (Paul.
1080 476 1140 536 Deo
1159 475 1242 534 Patre
1257 480 1285 534 et
1306 472 1416 549 Spiritu
1429 474 1774 551 sanctoviritetregnat
1789 473 1942 536 inaecula

189 568 340 633 cxxxiii
367 569 509 640 quatenus
531 564 582 637 qui
607 564 637 623 in
658 564 771 625 Christo
788 581 839 639 per
863 565 1040 640 baptismum
1081 563 1388 625 seculorumnmen.
1624 643 1628 652 .

190 666 285 712 novus
300 653 386 711 homo
408 651 577 722 renascitur,
600 668 659 712 nnn
675 655 737 728 jam
756 653 893 727 pelliceas
917 655 1039 726 manicas,
1403 649 1527 713 SEREO
1542 650 1622 715 XIV.

191 740 372 801 mortalitatis
398 739 530 799 videlicet
557 740 667 801 indices
691 744 804 808 vestiat,
832 743 883 802 sed
912 744 1041 818 deposito
1193 756 1213 804 1.
1226 756 1263 803 nu
1276 757 1301 803 s.
1317 754 1418 804 uinco
1430 754 1643 803 situnensis.
1659 745 1737 814 (xxv
1750 747 1832 814 trit.)

189 829 278 888 veteri
298 828 414 888 bomine
432 844 542 888 novum
561 829 674 902 induat,
692 839 719 890 et
738 831 768 890 in
791 848 825 891 eo
848 849 899 907 per
922 833 1041 892 mundae
1114 834 1216 905 Hodie,
1237 831 1430 903 dilectissimi,
1454 831 1536 891 velut
1554 831 1697 905 pretiosus
1715 838 1804 906 atque
1822 833 1943 909 conspi-

187 917 413 977 mnrersationis
435 918 566 977 studium
586 919 743 979 innovatus
769 920 858 979 vivat.
881 919 916 979 Et
935 927 1039 980 notan·
1080 940 1153 985 cuus
1178 938 1275 983 ruram
1301 921 1396 982 oculis
1420 921 1528 981 nostris
1553 935 1626 980 auro
1659 920 1786 981 radianti
1811 922 1944 996 beryllus

187 1008 259 1067 dum
281 1008 359 1082 quod
376 1022 476 1066 omnes
499 1007 558 1066 illae
588 1015 681 1067 vestes
711 1010 797 1068 lineae
823 1009 1039 1079 discrihuntur;
1080 1013 1268 1088 imprimitur,
1303 1010 1374 1071 dum
1411 1011 1599 1071 illucescente
1642 1009 1718 1069 beati
1755 1010 1944 1084 euangelistae

187 1097 283 1158 linum
311 1096 418 1172 quippe
444 1097 481 1155 ad
508 1097 662 1156 candorem
689 1113 756 1156 curn
785 1097 880 1157 labore
906 1098 1036 1173 perduci·
1080 1101 1169 1163 Marci
1187 1100 1377 1170 solemnitate,
1397 1099 1532 1173 paschale
1551 1097 1636 1159 nobis
1651 1098 1794 1170 gaudium
1807 1099 1943 1173 gemna-

188 1192 247 1256 tur,
270 1188 298 1243 et
324 1184 467 1244 virtutum
493 1187 551 1244 rita
573 1201 632 1245 non
660 1185 822 1262 acquiritur
848 1186 903 1246 sub
929 1194 1041 1262 torpore
1081 1198 1138 1254 tur.
1165 1191 1201 1250 lit
1226 1198 1292 1265 apte
1318 1190 1404 1260 satis,
1432 1189 1503 1248 dum
1526 1194 1624 1248 sancta
1650 1187 1776 1248 Ecclesia
1801 1186 1835 1245 in
1861 1187 1946 1247 iestis
1982 1195 1991 1210 ·

186 1276 315 1349 desidias,
343 1276 392 1335 sed
418 1276 451 1336 in
477 1276 628 1338 laboriosae
657 1276 752 1352 potius
788 1277 927 1337 exercitio
953 1275 1040 1337 disci·
1080 1281 1176 1341 adhuc
1201 1277 1385 1355 paschalibus
1411 1284 1584 1354 perseverat,
1601 1277 1704 1338 beatus
1718 1277 1768 1337 hic
1789 1275 1945 1336 oblatici-

186 1366 284 1442 plinae.
685 1407 690 1418 ·
1080 1376 1124 1429 ter
1151 1368 1288 1429 transiit:
1319 1367 1390 1442 quie
1413 1382 1465 1441 per
1491 1366 1624 1443 martyrii
1645 1366 1773 1441 palmam
1800 1364 1944 1426 ηεεηΙηιη

223 1455 369 1516 Puriiiceti
387 1453 486 1530 igitur,
499 1455 690 1527 dilectissimi,
706 1473 758 1532 per
772 1456 841 1517 novi
861 1456 1041 1532 baptismatis
1081 1460 1136 1519 hoe
1161 1459 1241 1519 triste
1268 1457 1406 1529 deseruit,
1434 1463 1463 1516 et
1489 1455 1678 1532 triumphalis
1707 1455 1810 1530 glorian
1843 1455 1946 1515 titulus

186 1553 410 1616 sacramentum,
436 1545 593 1605 induamur
616 1562 670 1606 nos
694 1547 772 1606 linea
798 1546 904 1618 tunice,
920 1553 951 1606 ut
975 1561 1041 1605 can·
1082 1546 1258 1623 hymnidicis
1275 1545 1448 1621 angelorum
1467 1544 1563 1605 choris
1582 1545 1674 1606 victor
1692 1544 1840 1605 laureatus
1862 1543 1947 1603 iure·

188 1635 241 1694 dor
271 1649 325 1694 nos
349 1641 455 1694 sanctae
475 1635 702 1695 conversationis
723 1642 853 1695 exornet.
881 1634 1040 1694 Feminali-
1081 1637 1135 1696 xit.
1151 1635 1240 1696 Porro
1252 1640 1351 1696 nutem
1366 1634 1441 1695 sicut
1452 1641 1579 1711 quatuor
1590 1633 1715 1695 flumina
1734 1649 1773 1692 ex
1787 1648 1850 1693 uno
1863 1646 1948 1708 pare·

187 1726 243 1785 bus
256 1724 537 1799 verendategantur,
554 1733 586 1785 ut
599 1725 669 1785 dnm
688 1727 818 1786 honestae
838 1726 907 1785 vitas
926 1725 1141 1814 tegmeanisi
1168 1726 1245 1785 ionte
1269 1723 1439 1800 procedunt,
1470 1738 1538 1798 ques
1566 1721 1654 1783 totius
1682 1720 1788 1781 muudi
1812 1721 1946 1796 partibus

186 1813 356 1885 assumitur,
371 1815 582 1888 praeteritorum
604 1814 762 1875 criminum
781 1822 846 1876 ante
869 1816 920 1875 Dei
944 1816 1043 1876 oculos
1084 1813 1222 1885 influunt,
1243 1814 1282 1873 ita
1303 1814 1380 1873 beati
1403 1818 1530 1890 quatuor
1551 1810 1743 1886 evangeliste
1759 1810 1797 1869 de
1816 1809 1944 1880 Christo,

188 1901 336 1976 turpitudo
347 1902 467 1962 celetur.
483 1903 565 1963 Unde
579 1903 693 1964 David:
713 1929 727 1958 a
740 1905 831 1975 Beati,
847 1904 954 1980 inquit,
967 1920 1043 1980 quo·
1084 1904 1135 1979 qui
1155 1902 1219 1962 fons
1238 1903 1317 1974 vitae,
1330 1909 1360 1962 et
1376 1903 1457 1976 origo
1480 1909 1523 1961 est
1545 1900 1706 1976 sapientie,
1724 1899 1811 1975 quasi
1823 1896 1944 1960 memor

186 2007 254 2050 rum
271 1991 400 2052 remissae
413 2002 480 2052 sunt
499 1994 678 2070 iniquitates,
694 2003 722 2055 et
740 2011 867 2072 quorum
884 2002 955 2055 tecta
973 2003 1043 2054 sunt
1083 1992 1212 2067 gurgites
1229 1993 1388 2066 profluunt,
1409 1998 1437 2051 et
1457 1991 1567 2050 arentia
1590 1990 1789 2049 humanorum
1811 1987 1945 2048 cordium

186 2088 301 2154 peccata
335 2086 416 2156 (Paul.
446 2087 546 2157 xxxi).
576 2111 588 2137 ι
620 2085 698 2144 Ζεηε
722 2086 845 2161 insuper
869 2085 947 2144 linea
971 2099 1042 2144 con·
1083 2079 1310 2140 aruadoctrinae
1329 2075 1815 2140 inmincntiainminentia
1830 2075 1878 2135 vir
1893 2073 1945 2134 Sa·

185 2169 375 2245 stringamur,
404 2173 492 2247 capiti
515 2188 632 2248 quoque
664 2174 770 2233 cidaris
803 2175 982 2249 imponatur,
1009 2179 1043 2233 ut
1083 2168 1167 2243 piens
1187 2183 1256 2229 cum
1275 2165 1485 2241 praemisisset:
1513 2163 1647 2226 «Posuit
1661 2164 1753 2224 David
1768 2179 1861 2240 ρηεηη
1890 2177 1944 2224 suo

183 2258 335 2334 precincti
366 2260 398 2319 in
425 2260 545 2320 veritate
573 2259 686 2321 lumbos
723 2263 838 2336 mentis,
857 2272 1042 2339 protegamur
1083 2256 1210 2318 excitare
1227 2271 1326 2330 regem
1346 2270 1385 2314 ex
1406 2254 1471 2329 ipso
1496 2253 1701 2326 fortissimum,
1727 2258 1755 2312 et
1781 2253 1814 2311 in
1839 2251 1945 2312 throno

184 2347 267 2420 galea
289 2363 341 2422 spe
359 2348 470 2409 salutis.
488 2349 545 2421 Sic,
567 2350 609 2409 sic
625 2351 768 2411 nimirum
793 2359 821 2411 et
846 2355 951 2413 veteris
973 2369 1041 2428 pec·
1085 2346 1204 2406 honoris
1230 2346 1378 2406 sedentem
1399 2344 1433 2403 in
1451 2344 1673 2419 sempiternum,
1702 2361 1717 2397 s
1743 2347 1851 2417 praesto
1873 2341 1944 2400 aab

184 2436 240 2494 cati
255 2434 388 2509 squalore
408 2438 532 2510 purgati,
548 2445 576 2496 et
595 2454 679 2497 novae
700 2441 927 2500 conversationis
947 2441 1041 2500 nitore
1082 2435 1184 2510 iunxit
1207 2457 1214 2494 ε
1238 2459 1253 2485 ι
1267 2432 1323 2504 Qui
1343 2431 1445 2507 implet
1468 2433 1552 2508 quasi
1578 2431 1686 2492 Phison
1708 2431 1898 2506 sapientiam,
1918 2435 1947 2490 et

184 2523 343 2597 conspicui,
358 2523 446 2599 digne
463 2525 644 2586 celebramus
661 2527 795 2601 paschale
811 2529 992 2603 mysterium,
1013 2535 1041 2587 et
1085 2524 1159 2582 sicut
1172 2521 1268 2598 Tigris
1287 2523 1318 2581 in
1335 2520 1440 2582 diebus
1458 2535 1615 2591 novorum,
1631 2519 1684 2596 (lui
1706 2518 1848 2593 adimple*
1859 2517 1946 2593 (limi

185 2615 336 2676 beatorum
355 2625 515 2692 martyrum
536 2617 675 2677 veraciter
692 2619 1038 2694 imitamurexemplum.
1085 2613 1247 2687 Euphrates
1269 2627 1401 2685 sensum,
1420 2611 1473 2688 qui
1499 2609 1672 2685 multiplicat
1696 2609 1781 2687 quasi
1809 2608 1947 2669 iordanis

187 2704 245 2764 Nec
269 2704 437 2780 desperetis,
459 2708 560 2766 iratres
581 2707 648 2779 mei,
663 2707 727 2766 licet
749 2707 845 2766 adhuc
865 2706 987 2778 infirmi,
1003 2708 1041 2766 li·
1083 2700 1115 2759 in
1144 2709 1270 2776 tempore
1293 2700 1417 2772 messis,
1444 2699 1496 2776 qui
1531 2699 1621 2759 mittit
1649 2699 1835 2774 disciplinam
1871 2698 1948 2758 sicut

186 2802 229 2852 eet
258 2796 452 2855 exterioribus
478 2796 605 2855 fortassis
629 2795 724 2855 adhuc
751 2797 864 2856 actibus
888 2798 1039 2871 implicati,
1084 2788 1464 2864 lucem,atassistansquast
1472 2786 1839 2850 Genonmdiavindemim
1849 2790 1946 2858 tEeeli.

186 2899 244 2943 non
265 2885 422 2960 desperetis
443 2885 480 2944 ad
505 2891 666 2958 martyrum
688 2900 739 2944 vos
757 2886 936 2945 consortium
949 2887 1039 2958 perti·
1083 2883 1179 2953 xxivl.
1196 2905 1210 2930 »
1225 2880 1302 2940 Hinc
1318 2879 1406 2939 etiam
1425 2879 1514 2954 paulo
1526 2885 1590 2953 post
1603 2879 1668 2938 ait:
1696 2876 1786 2950 «Ego
1802 2876 1946 2951 sapienda

186 2985 265 3042 nere,
286 2974 337 3048 qui
360 2979 521 3050 martyrum
543 2972 677 3046 victorias
702 2990 754 3033 vos
775 2974 978 3049 recognoscitis
1001 2989 1039 3033 ex
1081 2968 1326 3038 eiiudiiiumina3
1346 2979 1400 3042 ego
1415 2967 1499 3043 quasi
1512 2975 1717 3043 tramesaquae
1740 2965 1946 3026 immensaede

184 3059 269 3120 corde
288 3061 418 3136 diligere.
443 3061 578 3137 Quinque
605 3067 681 3121 certe
701 3060 845 3136 salphaad
871 3060 941 3120 tilia
962 3057 1183 3175 interclusio,
1206 3072 1259 3133 ego
1284 3057 1369 3133 quasi
1397 3057 1506 3118 tlutius
1529 3056 1622 3116 llorix
1647 3053 1783 3130 [Diorixl
1811 3059 1841 3113 et
1869 3055 1947 3115 sicut

185 3149 289 3209 iratres
311 3166 380 3211 suos
409 3158 570 3211 noscuntur
601 3152 808 3222 hereditatem,
838 3151 935 3226 Moyse
967 3167 1039 3211 con-
1081 3148 1270 3225 aqueductus
1288 3145 1370 3210 exiri
1387 3145 1423 3206 de
1440 3146 1584 3221 paradiso.
1601 3145 1669 3206 Dixi
1686 3163 1695 3204 ι
1710 3142 1825 3218 itigabo
1844 3158 1946 3204 meum

183 3237 562 3314 stituente,sortitael1lum.
587 3254 675 3301 xxvu
702 3246 729 3300 et
753 3242 882 3313 xxav1);
908 3240 1039 3317 quinque
1082 3239 1199 3298 hortum
1220 3227 1455 3312 plantationum,'
1468 3241 1497 3295 et
1519 3233 1669 3296 inebriabo
1692 3234 1766 3308 patri
1797 3232 1858 3293 md
1880 3234 1947 3294 itu-

184 3325 326 3388 nimirum
345 3336 373 3388 et
392 3328 523 3403 ieminae,
548 3337 581 3390 ut
605 3346 657 3405 per
685 3331 854 3408 quinarium
882 3345 1038 3390 numerum
1081 3336 1162 3388 ctum
1187 3328 1290 3401 (loidi
1317 3346 1333 3380 a
1364 3324 1495 3387 curetas
1524 3324 1622 3400 itaque
1648 3324 1790 3397 sapientie
1825 3321 1945 3396 Patris,

180 3417 307 3477 exterior
320 3419 477 3493 occupatio,
493 3434 546 3493 per
563 3419 737 3480 muliebrem
758 3435 827 3480 vero
841 3434 945 3479 sexum
959 3420 1040 3478 intir-
1081 3420 1133 3496 qui
1152 3419 1188 3478 de
1205 3417 1338 3494 paradiso
1356 3431 1407 3491 per
1427 3415 1600 3491 mysterium
1618 3421 1778 3490 εεειιηηρηε
1801 3414 1945 3478 hammi-

181 3505 266 3565 mitas
280 3508 457 3583 designetur.
476 3509 614 3569 tonathas
628 3524 747 3584 quoque
771 3510 802 3568 in
818 3510 945 3585 quodem
962 3509 1040 3570 inter
1081 3510 1147 3569 tetis
1169 3508 1271 3581 exivit,
1300 3509 1418 3567 hortum
1437 3521 1537 3577 suum,
1560 3506 1590 3565 id
1614 3511 1667 3579 est,
1689 3511 1820 3568 sennem
1842 3502 1943 3564 Eucle-

181 3603 340 3672 utrumque
358 3599 520 3660 meditullio
542 3601 665 3674 positus,
679 3616 733 3659 nec
752 3615 821 3659 cum
841 3599 1038 3660 Sentreman-
1081 3600 1165 3673 siam,
1188 3615 1239 3674 per
1261 3604 1385 3673 quatuor
1408 3597 1611 3672 evangelistas,
1632 3603 1772 3673 tanquam
1798 3610 1851 3670 per
1875 3594 1943 3655 tnti-

181 3687 219 3746 sit
246 3688 277 3747 in
299 3687 393 3762 malis,
416 3704 470 3748 uec
488 3689 580 3749 Dauid
608 3690 781 3766 equiperari
804 3690 898 3765 potuit
921 3706 1039 3765 prorsus
1081 3688 1147 3748 dem
1164 3689 1287 3749 scelestis
1309 3688 1447 3749 doctrine
1465 3687 1582 3759 tlumos,
1600 3687 1742 3762 irrigarit.
1766 3687 1849 3746 inter
1868 3700 1945 3759 quea

180 3776 212 3834 in
228 3776 311 3837 bonis
335 3781 436 3851 (Inep.
459 3780 824 3854 xv1u,x1xetxxl.sed
849 3780 919 3857 quia
936 3780 1040 3841 dilecto
1081 3779 1223 3848 nimirum
1244 3780 1345 3839 beams
1365 3779 1479 3839 Marcus
1496 3777 1578 3838 velut
1599 3776 1701 3838 θεηεη
1723 3775 1944 3851 perspieansac

181 3861 232 3922 Dei
254 3865 405 3942 Prophetae
423 3868 478 3927 init
497 3868 620 3941 amicus,
641 3877 669 3929 et
688 3871 724 3929 de
747 3870 846 3928 tuturo
868 3869 932 3944 eius
955 3870 1038 3944 gavi·
1081 3885 1171 3944 purus
1188 3875 1307 3939 eructat,
1327 3875 1357 3928 et
1378 3870 1523 3929 humanas
1541 3873 1654 3929 mentm
1672 3866 1818 3928 salutiferi
1844 3865 1945 3926 made

181 3969 233 4014 sus
260 3962 303 4015 est
324 3957 449 4017 iraterna
470 3959 648 4032 benignitate
674 3974 818 4031 successu,
844 3959 891 4033 pie
913 3958 1041 4019 creditur
1081 3959 1122 4019 ris
1138 3958 1330 4020 inundatione
1354 3958 1498 4018 fecundat.
1523 3956 1592 4029 Qui,
1606 3956 1693 4031 juata
1711 3955 1871 4030 scripturn
1893 3971 1942 4016 se·

180 4044 217 4103 ab
230 4048 294 4120 ejus
311 4048 455 4108 consortio
475 4065 554 4110 nunc
572 4050 605 4109 in
622 4050 724 4126 spiritu
748 4065 807 4110 non
833 4064 895 4110 esse
913 4049 1040 4124 divisus,
1081 4048 1163 4122 mem,
1179 4048 1283 4109 circuit
1301 4062 1419 4108 omnem
1438 4054 1545 4109 terram
1566 4045 1723 4121 Ethiopiae
1747 4047 1823 4116 pstea.
1850 4047 1895 4116 iti,
1909 4044 1942 4105 id

180 4133 228 4191 cui
254 4134 325 4194 dum
352 4135 384 4193 in
408 4151 494 4196 carne
522 4137 643 4207 maeret,
670 4136 850 4197 unanimiter
871 4136 982 4196 exstitit
1008 4137 1039 4196 in
1080 4143 1133 4210 est,
1158 4137 1380 4199 universitatem
1415 4134 1617 4212 complectitur
1650 4133 1788 4195 Ecclesia
1810 4132 1942 4209 peccatis

179 4233 278 4281 amore
291 4223 476 4299 conjunctus.
1079 4227 1311 4302 precedentibus
1321 4226 1646 4302 denigrataelieeujus
1659 4222 1816 4299 Ethiopian
1828 4222 1942 4298 populo

216 4307 274 4368 Nos
299 4318 418 4383 autem,
447 4311 645 4385 dilectissimi,
670 4314 721 4390 qui
747 4314 943 4388 exagitantem
967 4314 1038 4375 Saul
1079 4333 1130 4393 per
1155 4319 1323 4393 prophetam
1348 4316 1492 4378 Dominus
1518 4315 1589 4376 dicit
1619 4333 1628 4376 a
1656 4337 1671 4369 ι
1695 4314 1776 4376 Ultra
1806 4314 1939 4376 sumita

179 4401 315 4478 spiritum
336 4403 456 4475 malum,
478 4406 640 4465 auxiliante
661 4405 729 4475 Deo,
750 4412 813 4480 post
833 4412 911 4479 terga
926 4405 1039 4466 dimisi·
1080 4407 1246 4482 AEthiopiae,
1267 4406 1337 4467 inde
1358 4407 1502 4484 supplices
1524 4406 1582 4468 mei
1603 4407 1731 4480 (copton
1753 4403 1805 4477 111).
1823 4426 1838 4456 ι
1862 4401 1941 4474 Qua

178 4507 245 4551 mus
263 4496 289 4562 (l
304 4497 371 4564 lteq.
393 4499 476 4567 xm),
497 4494 558 4554 imo
575 4495 627 4571 qui
647 4495 807 4555 Pharaonis
821 4496 982 4556 exercitum
1005 4470 1167 4557 inDetiam
1191 4496 1440 4573 persecutionibus
1468 4511 1567 4572 pressa
1594 4494 1664 4555 dicit
1699 4495 1732 4554 in
1766 4492 1897 4553 &ulicis
1928 4513 1938 4549 ε

177 4581 251 4639 mari
273 4580 372 4641 liubro
396 4583 561 4643 demersum
590 4585 687 4658 (meod.
716 4586 811 4657 xviri),
827 4600 878 4660 per
898 4586 1033 4645 virtutem
1080 4586 1195 4661 :Nigra
1215 4602 1292 4659 sum,
1315 4586 1365 4646 sed
1388 4586 1523 4648 formosa
1545 4605 1559 4641 s
1580 4584 1617 4645 Et
1636 4584 1825 4659 paulopost:
1852 4579 1943 4640 ttio-

176 4670 347 4730 sacramenti
374 4672 528 4747 paschaiis,
557 4672 714 4745 evasimus,
741 4688 793 4748 pro
818 4674 914 4733 earnis
938 4679 1034 4733 mmen
1076 4675 1125 4735 lite
1137 4691 1182 4736 nte
1195 4675 1378 4736 considerare
1390 4675 1469 4750 quod
1487 4676 1568 4735 lusca
1586 4674 1654 4746 sim,
1668 4671 1738 4750 qnia
1756 4671 1941 4733 decoloravit

176 4757 225 4816 64
244 4760 412 4822 infirmitate
434 4764 529 4824 adhuc
550 4780 702 4824 versamur
723 4766 754 4824 in
773 4782 881 4837 eremo,
905 4771 1035 4826 transea·
1077 4781 1126 4825 me
1144 4765 1186 4826 sol
1210 4768 1298 4839 icant.
1328 4769 1389 4839 il.»
1421 4763 1478 4826 Sed
1501 4765 1617 4825 eosdem
1645 4770 1759 4824 sanctos
1783 4761 1939 4836 evangeli·

176 4866 243 4911 mus
260 4852 296 4911 ad
315 4852 383 4912 rite
401 4854 627 4928 perlectionem,
652 4854 687 4913 ad
709 4862 812 4913 terram
834 4853 943 4914 scilicet
962 4854 1034 4914 lacte
1075 4863 1142 4929 etan
1168 4873 1241 4933 qnos
1265 4856 1380 4932 Moyses
1397 4857 1521 4918 flumina
1544 4871 1595 4931 per
1614 4855 1717 4931 typica
1738 4853 1869 4915 historin
1888 4869 1941 4914 se-

175 4947 204 4998 et
221 4940 305 5000 melle
320 4949 496 5002 manantem.
514 4942 628 5016 Egressi
648 4942 684 5001 de
700 4942 843 5014 Sodomis,
860 4960 919 5004 noo
934 4946 965 5004 iu
981 4946 1034 5006 Se·
1077 4949 1149 5008 ciem
1172 4952 1270 5007 narrat
1286 4971 1292 5006 ι
1315 4946 1448 5007 Ezechiel
1461 4943 1510 5003 65
1525 4946 1664 5021 propheta
1678 4946 1734 5006 suh
1745 4944 1940 5005 diversorum

174 5045 227 5104 gor
253 5031 364 5090 diutius
393 5032 594 5103 immoremur,
621 5032 671 5091 sed
701 5033 821 5103 liberati,
849 5049 917 5093 cum
947 5034 1031 5105 Loth,
1074 5034 1246 5094 animalium
1269 5035 1364 5109 specie
1387 5033 1541 5094 sevidisse
1565 5033 1762 5109 pronuntiat:
1789 5031 1940 5094 «simiti-

174 5119 282 5177 montis
312 5121 451 5179 uerticem
477 5120 608 5180 celeriter
643 5123 833 5182 ascendamus
862 5124 938 5194 (den.
968 5124 1033 5196 ηερ(
1074 5123 1155 5195 tudo,
1170 5123 1274 5199 inquit,
1293 5123 1393 5184 vultus
1410 5138 1510 5184 eorum
1531 5124 1620 5184 iacies
1631 5119 1781 5194 hominis;
1800 5128 1831 5182 et
1844 5120 1943 5183 heisa

174 5213 318 5281 quatenus
346 5210 398 5285 qui
424 5210 500 5270 inter
527 5210 588 5286 ipsa
614 5211 739 5270 tirocinii
766 5211 943 5284 rudimenta,
970 5212 1032 5286 iam
1075 5212 1167 5273 leonis
1188 5228 1206 5272 a
1228 5212 1340 5272 dextris
1360 5212 1491 5287 ipsorum
1505 5217 1640 5287 quatuor,
1657 5217 1685 5270 et
1708 5209 1800 5272 iacies
1818 5208 1941 5271 burin

175 5298 324 5357 beatorum
350 5308 513 5375 martyrum
541 5302 684 5377 coepimus
709 5303 835 5377 gaudere
862 5305 1028 5377 triumphis,
1075 5304 1200 5364 sinistris
1220 5302 1350 5378 ipsorum
1372 5310 1505 5381 quatuor,
1521 5307 1550 5361 et
1570 5302 1659 5362 (εεηεε
1679 5299 1789 5376 equita
1804 5298 1940 5374 desuper

174 5387 350 5464 quandoque
369 5389 405 5447 ad
433 5389 487 5449 hoc
509 5390 597 5449 etiam
615 5392 821 5467 provehamur,
839 5400 870 5452 ut
885 5394 1031 5454 discamus
1074 5395 1204 5470 ipsorum
1228 5400 1354 5469 quatuor
1378 5396 1484 5469 (mech.
1508 5394 1567 5467 tt.»
1595 5392 1675 5452 Inter
1700 5404 1768 5465 quae
1796 5387 1943 5450 videlieet

173 5485 202 5539 et
216 5478 271 5552 ipsi
291 5479 469 5555 triumphare
482 5496 550 5540 cum
573 5483 688 5542 sanctis.
704 5483 739 5542 Et
761 5483 824 5557 ipse
838 5483 875 5543 sit
891 5484 1031 5547 tortitudo
1073 5483 1212 5544 animalia
1229 5483 1331 5546 beatus
1353 5483 1468 5544 Marcus
1489 5479 1616 5543 secundo
1634 5479 1697 5541 loco
1718 5477 1942 5556 positosinve·

174 5572 273 5628 nostra
292 5566 364 5628 dum
391 5572 522 5643 protegit,
547 5574 598 5648 qui
622 5572 778 5632 factumest
800 5573 934 5648 pretium,
961 5589 1029 5636 cum
1073 5575 1164 5649 nitur,
1190 5577 1260 5654 quia
1285 5576 1378 5638 leonis
1403 5576 1504 5638 (εεὶεηη
1527 5568 1940 5635 immoderationem
