4100 6209
108 282 163 345 569
871 282 997 344 SERMO
1015 284 1097 346 xm.
1811 282 1865 345 570

105 406 191 478 titur,
215 411 297 466 tauto
315 404 483 482 praeclarius
511 404 651 466 redditur.
682 405 787 467 Aderat
808 405 895 483 plana
917 409 1115 475 sulberbas
1142 418 1168 469 et
1196 410 1275 486 ligna
1303 412 1444 487 pomifera
1477 411 1665 486 germinaret,
1692 425 1726 471 ac
1757 410 1864 473 deiude

106 509 217 569 pernas
234 500 263 555 et
282 495 440 555 invisibilis
459 495 592 568 Arbiter,
605 496 656 570 qni
675 498 721 556 ad.
735 513 797 558 sure
817 498 965 572 dispensa·
1009 506 1136 573 segetum
1169 501 1280 562 boetus
1308 503 1432 564 afferret.
1463 502 1579 578 Separat
1603 504 1690 562 etiam
1721 518 1800 563 nunc
1826 502 1863 563 ab

104 582 198 643 donis
223 584 389 657 arbitrium,
408 591 436 643 et
466 583 534 642 binc
553 600 658 645 manus
684 586 839 660 impiorum
864 586 968 646 saevire
1008 587 1106 646 electis
1132 588 1193 647 suis
1216 592 1407 665 reproborum
1431 593 1561 653 turbines
1578 591 1815 667 persequentium
1834 597 1865 648 ct

104 671 294 746 permitteret,
325 678 354 732 et
374 670 443 751 inde
461 686 607 745 gemmeam
633 688 716 732 suam
738 672 877 733 inviolata
899 689 966 748 pro·
1007 677 1241 751 quasi·lurentes
1264 690 1373 741 coercet
1398 685 1524 756 impetus
1547 688 1757 757 tempestatum,
1778 696 1862 756 quos,

105 759 179 835 itti&
197 759 350 819 soliditatis
368 759 530 834 issiegtilble
554 768 689 819 selvatel-
709 760 765 831 Oui
786 769 814 820 et
838 761 862 820 si
887 776 966 821 mar·
1007 768 1183 836 etsiiurere
1197 773 1338 848 usquead
1362 772 1521 846 infligenda
1536 773 1705 847 corporibus
1721 777 1862 832 tormenta

106 849 181 925 tyris
209 850 255 909 sui
289 850 421 910 membra
454 851 625 910 mrnibcum
663 851 799 911 manibus
837 852 964 919 tradidit,
1006 858 1147 930 coneedit,
1176 874 1213 918 ue
1245 867 1339 919 mmeu
1373 862 1485 921 animas
1520 860 1636 931 laedant,
1669 861 1777 920 invicta
1812 876 1862 921 eos

104 940 236 1001 animam
260 949 357 1000 mmen
387 940 609 1015 inexpugnabili
633 940 700 999 lidei
722 956 787 1000 arce
807 942 964 1003 subnixam
1006 953 1093 1020 atque
1122 946 1257 1021 pervigili
1290 948 1400 1008 brachii
1434 951 1481 1010 sui
1521 949 1697 1024 protectione
1728 949 1862 1019 custodit,

104 1029 252 1089 indelessa
280 1029 466 1103 protectionis
497 1045 558 1089 sum
593 1029 758 1088 munimine
795 1031 962 1092 custodivit.
1005 1033 1218 1109 quodammodo
1243 1035 1343 1095 diosus
1372 1037 1444 1096 mari
1468 1057 1474 1096 :
1498 1036 1564 1096 Huc
1590 1052 1683 1111 usque
1701 1037 1812 1107 venies,
1833 1042 1862 1094 et

104 1120 166 1179 Nee
184 1119 221 1179 ad
243 1121 297 1180 boc
320 1136 369 1180 eos
392 1118 524 1195 permisit
542 1121 683 1193 attingere
702 1118 779 1193 quod
805 1121 919 1193 latebat,
933 1122 963 1181 id
1006 1138 1065 1182 non
1095 1123 1229 1195 procedes
1246 1126 1385 1201 amplius,
1403 1135 1431 1187 et
1458 1127 1507 1187 bic
1530 1126 1694 1199 eouiringas
1717 1131 1862 1186 tumentes

103 1207 203 1268 solum
220 1208 263 1267 eis
286 1207 428 1282 objiciens
445 1207 522 1283 quod
544 1208 727 1269 extrinsecus
748 1211 921 1284 apparebat3
936 1218 964 1270 et
1005 1213 1111 1273 linctus
1125 1221 1198 1286 tuos,
1213 1229 1247 1274 ae
1265 1217 1290 1275 si
1307 1225 1435 1290 patenter
1449 1218 1534 1290 dicat,
1554 1233 1647 1292 usque
1660 1216 1696 1275 ad
1711 1215 1862 1275 inroranda

103 1305 245 1376 tanquam
275 1314 360 1373 aqum
394 1298 511 1372 diluvii,
540 1314 636 1358 aream
678 1300 797 1375 quidem
832 1301 963 1379 undique
1004 1304 1173 1377 corporibus
1187 1312 1214 1364 te
1235 1313 1377 1366 tormenta
1401 1306 1519 1376 relaxo;
1535 1322 1572 1366 ne
1589 1312 1687 1367 auteur
1710 1318 1804 1379 usqua
1824 1303 1860 1362 ad

102 1390 322 1464 circumfluere,
345 1407 397 1451 nec
418 1397 513 1450 amen
541 1398 673 1467 poterant
694 1393 795 1454 intima
811 1401 961 1470 penetrare
1004 1392 1132 1451 animam
1144 1393 1270 1454 cumulis
1284 1394 1546 1455 intumescentibus
1557 1396 1694 1469 profluas,
1706 1394 1779 1470 legis
1789 1408 1862 1452 mear

101 1480 184 1550 (aaa.
198 1483 261 1550 vn).
1004 1481 1056 1540 tibi
1079 1482 1161 1542 littus
1179 1497 1303 1557 oppono,
1325 1490 1358 1542 ut
1376 1483 1446 1543 dum
1469 1485 1561 1544 furori
1581 1486 1725 1544 tluetuum
1740 1491 1859 1544 tuorum

139 1570 223 1630 Dicat
246 1570 346 1645 itaque
366 1570 467 1631 beatus
485 1570 636 1647 Georgius,
656 1574 753 1633 dieat:
776 1601 789 1628 e
811 1575 873 1636 Nisi
892 1580 961 1655 quia
1004 1572 1086 1632 littus
1105 1572 1251 1649 objicitur,
1271 1580 1347 1633 terra
1365 1573 1459 1633 cordis
1477 1575 1514 1634 ad
1536 1574 1708 1649 proterenda
1730 1573 1859 1633 fructum

101 1659 247 1720 Dominus
271 1666 332 1719 erat
354 1660 384 1720 in
405 1660 500 1734 nobis,
525 1678 592 1722 cnm
620 1663 807 1738 insurgerent
829 1667 962 1728 bomiues
1002 1664 1134 1740 germina
1147 1665 1237 1724 libera
1253 1664 1445 1741 relinquatur.

100 1752 132 1807 in
156 1765 222 1820 nos,
245 1750 365 1809 forsitan
394 1749 478 1811 vivos
495 1749 685 1825 deglutissent
704 1770 756 1816 nos
783 1777 789 1816 :
813 1772 880 1817 eum
902 1758 996 1837 ira.13
1040 1756 1075 1815 Et
1104 1757 1173 1832 quia
1204 1755 1355 1831 Georgius,
1383 1763 1416 1816 ut
1441 1756 1575 1831 superius
1604 1753 1746 1824 diximus,
1774 1757 1857 1812 terrm

100 1849 234 1901 sceretur
260 1841 340 1901 iuror
362 1857 463 1902 eorum
485 1842 639 1903 adversum
656 1860 719 1918 nos,
742 1847 858 1909 forsitan
885 1855 965 1918 velut
1004 1845 1097 1906 ῦῑΙΙῐῡΓ
1121 1844 1304 1921 θΧΡΓῑῑῊῑῐῑῐΓ,
1327 1854 1401 1905 reete
1420 1847 1475 1905 ¹¹⁰⁰
1491 1843 1652 1919 alltdfflssffl
1671 1843 1772 1916 fibffl'ae
1794 1855 1860 1915 ml·

99 1943 179 2004 aqna
205 1928 401 1990 absorbuisset
432 1946 485 1990 nos
514 1934 863 2005 (Psat.cxx111),.flae0
895 1952 965 2004 gunt
1003 1932 1124 1993 sterium
1152 1932 1247 1993 eidem
1275 1931 1442 1992 beatissimo
1467 1931 1588 2005 martyri
1617 1935 1774 2004 coaptatur.
1804 1926 1859 1987 dui

100 2016 240 2077 videlieet
260 2033 357 2094 equae,
377 2017 413 2077 de
433 2018 541 2093 quibus
560 2036 610 2095 per
629 2021 811 2085 psalmistam
832 2027 965 2094 Salvator
1004 2022 1123 2096 scilicet,
1142 2030 1170 2082 et
1195 2021 1220 2082 ⁸5
1243 2038 1337 2098 usque
1362 2021 1398 2082 δᾶ
1427 2022 1507 2082 'illus
1530 2022 1626 2081 ffilssiss
1650 2019 1859 2096 difficillimis

98 2111 163 2168 ait:
195 2133 208 2160 a
227 2108 350 2170 &trum
369 2125 416 2169 me
437 2111 492 2181 lec,
510 2110 642 2182 Domim,
669 2116 809 2188 quoniam
836 2120 964 2182 immae.
1004 2111 1109 2169 fluetus
1138 2110 1282 2183 efferbuit,
1309 2110 1516 2171 solidissimam
1540 2115 1637 2169 tamen
1664 2107 1772 2167 animae
1796 2110 1859 2182 ejus

100 2200 173 2253 mot
185 2210 273 2269 aquae
291 2210 386 2270 nsque
403 2195 439 2254 ad
461 2195 588 2257 animam
608 2213 701 2259 meam
721 2203 804 2275 (Post.
821 2209 874 2282 xi).
891 2232 905 2260 ι
928 2213 964 2271 Eu
1005 2205 1110 2259 terram
1136 2201 1261 2275 procella
1284 2201 1468 2275 tempestuosi
1488 2201 1615 2262 turbinis
1635 2215 1693 2259 non
1717 2196 1857 2267 involvit;

97 2296 152 2356 per
167 2281 295 2341 sonam:
323 2283 500 2359 «Projocisai
526 2299 583 2354 me,
600 2286 707 2360 inquit,
728 2291 757 2346 in
783 2295 962 2366 profundum
1003 2304 1058 2348 uec
1079 2304 1148 2348 enm
1171 2304 1277 2363 vorago
1299 2290 1392 2366 pelagi
1416 2290 1539 2349 iurantis
1552 2288 1701 2349 absorbuit
1719 2286 1773 2361 qui
1798 2286 1859 2359 spei

98 2372 130 2429 in
152 2370 240 2430 corde
263 2373 362 2445 maris,
386 2379 414 2430 et
431 2373 539 2432 flumen
560 2374 752 2438 circumdedit
767 2395 834 2451 mc;
861 2400 963 2447 omnes
1003 2394 1066 2438 suaa
1079 2378 1237 2438 anchoram
1254 2395 1311 2439 non
1331 2379 1360 2439 in
1379 2381 1472 2454 putris
1491 2395 1586 2440 arenae
1605 2376 1763 2437 subsicivio
1782 2376 1858 2450 [sue-

98 2458 232 2534 gnrgites
255 2460 308 2530 tui,
335 2468 363 2520 et
388 2462 494 2522 fluetus
520 2463 563 2522 tui
590 2479 678 2539 super
708 2483 754 2528 me
785 2474 964 2536 transierunt
1002 2467 1111 2538 cidsstll·
1140 2465 1190 2525 Sed
1217 2466 1247 2524 in
1277 2466 1421 2526 tolidilble
1448 2476 1537 2543 beltae
1563 2481 1631 2541 (1¹¹ae
1657 2464 1790 2523 Chtisslllss
1816 2469 1860 2522 0⁸2

98 2552 173 2616 (lon,
192 2555 269 2617 rb.»
294 2551 349 2611 Sed
374 2551 421 2610 his
446 2553 532 2626 aquis
559 2559 588 2612 et
612 2553 695 2625 mari,
717 2557 805 2630 juxta
832 2561 961 2638 Scriptu-
1002 2557 1028 2627 (l
1053 2555 1112 2613 dor.
1139 2554 1183 2626 x),
1209 2553 1284 2614 fixit.
1311 2555 1388 2614 Hinc
1413 2562 1457 2614 est
1481 2555 1616 2629 proiecto,
1642 2551 1721 2627 quod
1746 2550 1857 2610 Veritas

98 2652 161 2696 ram
191 2637 334 2699 murinus
359 2641 516 2701 terminum
543 2640 751 2717 circumposuit
775 2651 863 2718 (Psoi.
889 2659 961 2725 eurr),
1001 2643 1063 2702 ait:
1086 2642 1168 2714 ·Qui
1192 2643 1276 2703 audit
1302 2645 1390 2703 verba
1417 2659 1480 2703 mea
1509 2650 1537 2703 et
1562 2644 1629 2702 lacit
1653 2658 1698 2715 ea,
1725 2640 1859 2701 similabo

99 2728 170 2801 qnia
188 2729 350 2788 secundum
369 2729 592 2804 dispensationis
610 2747 673 2791 sum
698 2748 878 2810 mensuram,
901 2757 961 2801 non
1002 2747 1070 2793 eum
1085 2733 1148 2792 viffl
1166 2734 1376 2808 &immitam
1393 2732 1680 2793 ffidiflffltltdOffiUffl
1699 2745 1784 2789 ⁸⁰³¹ss
1806 2745 1856 2788 ⁸¹¹·

98 2819 266 2879 secundum
297 2819 492 2893 perversitatis
522 2819 660 2881 bumana
685 2825 960 2903 concupiscentiam,
1001 2839 1053 2898 um
1082 2830 1201 2897 Pellam·
1222 2822 1372 2884 Venerunt
1398 2824 1526 2893 flamina,
1554 2823 1698 2882 flaverunt
1722 2819 1801 2880 'v'essli
1831 2826 1859 2878 0¹

100 2907 240 2982 reprobos
252 2907 282 2966 iu
298 2907 403 2967 electos
415 2924 485 2968 sues
498 2909 603 2969 saevire
617 2911 767 2984 permittit.
1000 2913 1186 2987 impegerunt
1202 2911 1234 2970 in
1251 2912 1370 2972 domum
1396 2911 1489 2981 illam,
1513 2917 1541 2971 et
1564 2926 1624 2971 uon
1646 2908 1762 2981 eccidit3
1788 2907 1857 2967 tun-

134 3003 214 3063 Hinc
234 3010 278 3063 est
297 3004 376 3064 euim
397 3003 476 3080 quod
498 3003 529 3063 in
552 3004 657 3064 mundi
677 3009 822 3069 nascentis
839 3010 960 3070 exordio
1001 3002 1066 3061 daia
1081 3002 1159 3061 enim
1179 3006 1240 3059 etat
1253 3016 1340 3075 ΜΡΝ
1358 3008 1467 3076 deltam
1490 3002 1602 3070 (Μὴ.
1623 3000 1824 3069 V11021⁴0=V1l
1841 3016 1856 3094 ’ξ

101 3106 182 3151 mare
203 3092 283 3153 Deus
301 3093 402 3153 divisit
416 3093 453 3152 ab
469 3093 548 3152 arida
572 3095 650 3168 (aen.
666 3096 694 3169 1).
716 3093 792 3165 Quid
814 3099 893 3157 enim
909 3114 961 3173 per
1001 3090 1077 3150 Vere
1099 3090 1225 3165 insignis
1247 3089 1295 3148 bie
1319 3089 1403 3149 miles
1426 3087 1533 3147 Christi
1552 3103 1638 3162 supra
1658 3093 1766 3160 petram
1789 3082 1856 3142 fider

27 3247 28 3266 χ
100 3180 275 3257 mysterium
291 3197 382 3254 mare,
398 3182 456 3241 nisi
475 3181 611 3266 reprobqs
627 3183 811 3256 bomines,et
827 3186 960 3247 infideles
1004 3198 1067 3242 suaa
1095 3181 1283 3243 fundamenta
1311 3180 1469 3251 constituit,
1498 3179 1552 3254 qui
1581 3176 1696 3254 praemii
1732 3173 1857 3234 coelestis

98 3271 242 3343 insinuat,
256 3273 309 3346 qui
326 3271 606 3348 nimirumquadam
624 3272 750 3333 carnalis
773 3273 885 3349 ingenii
902 3276 959 3335 sai-
1003 3272 1112 3331 intuitu
1142 3270 1237 3330 minas
1264 3269 1430 3344 principum
1455 3269 1572 3343 sprevit,
1600 3266 1676 3325 male
1702 3262 1855 3324 blandien-

99 3361 206 3434 sngine
230 3360 403 3433 mllidi,sed
430 3360 507 3421 odiis
527 3376 560 3419 ac
588 3359 809 3422 simultatibus
833 3362 960 3423 invicem
1003 3363 1075 3420 tium
1120 3360 1328 3436 promissiones
1364 3358 1465 3429 irrisit,
1504 3356 1675 3416 carnificum
1715 3361 1856 3414 tormenta

99 3448 295 3509 inveniuntur
318 3463 432 3523 semper
454 3450 556 3521 amari,
579 3457 607 3508 et
630 3451 708 3510 velut
729 3466 808 3510 mare
835 3451 960 3512 diversis
1002 3452 1184 3526 contempsit,
1206 3451 1327 3523 lermm,
1346 3450 1439 3522 ignes,
1460 3446 1572 3522 gladios
1590 3459 1624 3503 ae
1646 3444 1761 3503 diverse
1785 3456 1856 3515 sup·

101 3538 297 3598 mundanum
324 3536 442 3598 datibus
470 3539 681 3611 intumescunt,
709 3540 960 3616 cupiditatumque
1002 3539 1156 3616 pliciorum
1202 3553 1309 3613 genera
1353 3536 1469 3596 innota
1512 3532 1658 3608 pauentia
1709 3531 1858 3604 majestate

101 3626 264 3686 eumalium
296 3625 429 3701 procellis
455 3641 490 3685 ae
519 3628 737 3702 tempestatibus
764 3627 959 3703 quatiuntur?
1000 3629 1131 3690 calcarit.

99 3715 174 3788 Quid
195 3716 369 3790 remanda,
389 3718 446 3777 nisi
464 3717 592 3777 animam
607 3717 739 3793 designat
762 3717 871 3777 iontem
891 3719 958 3778 lidei
1037 3721 1125 3782 Hunc
1141 3717 1265 3779 caelestis
1284 3715 1395 3777 militiae
1420 3714 1599 3783 bellatorem,
1617 3713 1719 3772 fratres
1743 3708 1856 3770 cbaris-

100 3806 259 3874 sitientam,
274 3806 321 3884 rel
343 3807 378 3866 ed
402 3813 560 3868 creatorem
579 3823 667 3869 suum
686 3809 798 3869 ardenti
816 3809 958 3869 desiderio
1001 3808 1081 3879 sind,
1096 3822 1153 3866 non
1174 3809 1287 3863 tantum
1301 3802 1492 3872 admiremur,
1515 3800 1564 3861 sad
1583 3800 1670 3859 etiam
1684 3798 1854 3899 imitemur3

100 3892 149 3951 ω
169 3903 308 3971 tanquam
322 3896 479 3958 sitibundis
497 3898 632 3959 faucibus
644 3899 829 3959 anhelantem
845 3898 860 3960 i
876 3899 959 3960 Unde
1001 3899 1033 3959 iu
1045 3896 1119 3958 illud
1132 3895 1256 3955 eoelestis
1273 3893 1373 3968 gloriae
1387 3893 1540 3967 premium
1552 3892 1612 3965 iam
1628 3887 1747 3989 spiritus
1759 3902 1855 3961 eruga-

100 3990 129 4045 et
148 3986 284 4061 quedam
305 3988 405 4048 anima
423 3988 476 4049 bac
500 3990 547 4049 siti
572 3989 694 4051 feliciter
718 3992 809 4065 arida,
830 3998 958 4053 aestuans
1001 3995 1061 4061 tur,
1074 3986 1191 4047 utdum
1204 3985 1234 4043 iu
1248 3984 1313 4058 ejus
1326 3980 1568 4056 contemplatione
1584 3995 1635 4040 eor
1648 3979 1774 4053 figrmm,
1795 3991 1854 4037 non

102 4071 263 4132 clamavit:
295 4073 424 4135 «sitivit
449 4076 548 4137 anima
575 4093 638 4137 mea
660 4078 696 4139 ad
723 4078 815 4139 Deum
844 4079 956 4152 vivum¹
999 4090 1182 4144 moveamur,
1197 4081 1297 4132 utrum
1320 4067 1450 4128 mundus
1470 4068 1646 4129 lenocinator
1665 4066 1850 4137 arridentes

100 4162 220 4238 quando
238 4166 354 4224 veniam
373 4173 402 4224 et
415 4168 557 4243 apparebo
579 4176 646 4229 ante
662 4169 764 4229 iecicm
780 4169 956 4239 DeiltPsat.
1000 4173 1076 4225 certe
1102 4164 1203 4224 minax
1235 4158 1459 4220 adversitatibus
1486 4157 1598 4230 fremat,
1626 4156 1753 4216 meantes
1786 4170 1855 4215 cum

101 4257 240 4324 ¹¹1¹·l·
270 4253 419 4315 naariae
445 4272 514 4332 ergo
554 4273 632 4318 mare
659 4258 810 4330 dividitur,
841 4261 958 4336 quando
1002 4256 1150 4316 Psalmistr
1172 4274 1179 4313 :
1199 4279 1212 4304 α
1233 4253 1313 4315 Sicut
1332 4246 1380 4307 63
1400 4253 1527 4314 tenebras
1548 4252 1621 4327 ejus,
1640 4251 1681 4309 ita
1701 4255 1729 4309 et
1752 4248 1853 4309 lumen

100 4341 178 4403 Dens
199 4344 385 4418 omnipotens
407 4362 424 4405 a
447 4362 478 4405 se
503 4347 662 4408 sitientium
692 4351 880 4426 reproborum
901 4351 957 4410 im·
1000 4346 1065 4420 ejus
1079 4350 1162 4418 (Parit.
1177 4348 1337 4417 cxxxvuv).
1355 4367 1368 4392 ·
1389 4341 1565 4402 Mundcmus
1580 4339 1678 4412 itaque
1696 4352 1759 4408 110⁸,
1771 4336 1857 4435 juxta

100 4439 184 4507 petus
205 4433 348 4509 reprimit,
365 4443 393 4494 et
410 4443 550 4513 tanquam
574 4437 656 4497 littus
677 4438 801 4499 marinis
821 4439 958 4499 ductibus
1002 4433 1087 4494 Pauli
1106 4440 1292 4508 praeceptum,
1308 4432 1345 4490 ab
1361 4431 1442 4490 omui
1461 4429 1696 4503 iniquinamento
1711 4440 1807 4485 earnis
1827 4427 1855 4482 et

98 4520 209 4595 abjicit,
224 4522 294 4582 dum
312 4525 463 4584 conatibus
483 4525 670 4585 fervescentis
688 4525 811 4586 insauim
830 4526 875 4585 sui
894 4541 956 4585 mo·
970 4494 1119 4598 ⁰spiritus
1138 4525 1178 4590 (ΙΙ
1194 4524 1253 4581 dor.
1278 4525 1342 4591 vn),
1363 4525 1395 4577 ut
1418 4520 1449 4577 in
1468 4516 1543 4578 illud
1570 4513 1757 4575 beatitudinis
1781 4517 1855 4570 tem·

98 4611 260 4671 deremiuis
283 4611 407 4672 limitem
426 4613 498 4688 tigit.
517 4613 599 4685 Quod
619 4616 745 4690 protecto
763 4615 814 4690 illa
832 4615 883 4674 uei
898 4630 958 4675 vox
1000 4611 1094 4686 ptum,
1111 4610 1159 4670 cui
1176 4623 1256 4668 nunc
1273 4608 1364 4668 aciem
1380 4605 1487 4666 mentis
1512 4603 1702 4673 intendimus,
1718 4598 1854 4675 quando·

99 4697 210 4772 probat,
241 4714 300 4774 qua
327 4699 402 4759 dixit
427 4719 433 4759 :
467 4699 567 4772 «Quis
590 4700 732 4761 conclusit
758 4701 839 4760 ostiis
867 4716 957 4773 mare,
1000 4716 1059 4775 que
1074 4698 1162 4758 etiam
1182 4696 1296 4770 ingredi
1311 4708 1482 4753 mereamur.
1499 4690 1577 4751 Hinc
1599 4698 1642 4749 est
1663 4688 1742 4761 quod
1756 4688 1855 4746 Aaron

96 4786 217 4862 quaudo
233 4789 414 4862 erumpebat,
429 4790 513 4866 quasi
530 4792 568 4849 de
582 4790 671 4851 vulva
694 4791 875 4867 procedens?
897 4794 958 4862 (ted
1000 4788 1083 4864 prius
1099 4802 1175 4862 aqna
1189 4786 1313 4856 lavatur,
1325 4790 1354 4843 ct
1373 4784 1414 4842 sic
1430 4781 1614 4858 postmodum
1636 4775 1853 4876 tabernaculum

97 4883 245 4948 munt.)
261 4878 297 4938 lit
308 4878 396 4954 paulo
411 4887 492 4954 post:
510 4878 721 4942 adireumdedi
736 4883 809 4942 iilud
825 4882 959 4943 terminis
1001 4878 1215 4937 sacrificaturus
1228 4874 1392 4950 ingreditur
1408 4874 1508 4944 (deod.
1525 4874 1614 4942 xxx).
1636 4869 1751 4943 Deque
1765 4880 1852 4923 ulmt-

98 4964 185 5036 meis,
197 4973 225 5025 et
245 4967 329 5042 posui
349 4974 469 5039 vectem,
490 4976 518 5029 et
530 4971 614 5044 ostia,
629 4979 656 5031 et
671 4972 757 5031 dixi:
785 4972 880 5048 Usque
901 4973 958 5032 buc
1001 4981 1068 5026 rum
1082 4966 1156 5026 bene
1169 4964 1206 5026 ad
1222 4963 1341 5040 Moysen
1355 4961 1456 5022 divina
1471 4976 1538 5022 voce
1553 4964 1743 5055 pmcrprtur:
1763 4976 1774 5003 ·
1792 4951 1853 5011 TU·

97 5052 208 5125 venies,
230 5061 258 5114 et
276 5070 336 5115 non
357 5058 493 5133 precedes
511 5059 650 5135 amplius,
669 5067 697 5119 et
722 5062 769 5120 bic
792 5061 959 5136 oonlnngee
1002 5056 1076 5127 nica,
1101 5055 1208 5131 inquit,
1235 5052 1384 5123 vestietur,
1410 5048 1596 5110 feminalibus
1620 5046 1707 5105 linars
1730 5040 1854 5143 verenda

97 5149 245 5205 tumentes
265 5147 372 5208 fluctus
390 5155 455 5208 tuos
474 5150 603 5224 (ididqn
627 5150 782 5210 Enimvero
808 5157 883 5210 reete
908 5167 959 5225 per
1001 5146 1116 5217 celabit,
1144 5144 1309 5219 accingetur
1329 5158 1401 5203 rona
1423 5141 1511 5208 linea,
1530 5137 1652 5198 cidarim
1671 5136 1779 5196 lineam
1799 5147 1855 5232 rnr-

98 5248 181 5293 mare
196 5250 247 5295 cor
265 5236 347 5311 pravi
367 5237 496 5297 bominis
519 5237 695 5315 designatur,
718 5239 795 5316 qnod
825 5239 958 5299 videlieet
1003 5241 1089 5311 ponet
1102 5233 1198 5307 capiti.
1213 5232 1283 5291 llaec
1296 5232 1375 5290 anim
1396 5231 1567 5289 uestimenta
1579 5229 1768 5295 suutsaneta,
1788 5238 1856 5323 qur·

99 5320 198 5381 lurore
220 5331 265 5383 est
284 5325 446 5399 turbidum,
460 5327 534 5386 rixis
550 5342 695 5399 amarum,
710 5328 834 5387 elatione
856 5343 958 5402 super·
1001 5325 1125 5385 buscum
1162 5322 1239 5383 lotus
1264 5323 1366 5392 iuerat,
1389 5318 1528 5379 induetur
1545 5321 1616 5391 (Lea.
1642 5314 1740 5387 xvi).·
1769 5311 1856 5409 Quis-

98 5410 161 5470 bias
175 5413 332 5489 tumidum,
351 5417 475 5491 oebgino
489 5418 643 5478 malitiosae
662 5417 773 5478 fraudis
790 5417 957 5478 obscurum,
1002 5413 1069 5488 quis
1081 5411 1159 5470 enim
1174 5409 1205 5468 in
1221 5406 1406 5468 tabernaculo
1425 5403 1543 5476 Christi,
1559 5402 1637 5478 quod
1656 5407 1700 5461 est
1719 5400 1855 5470 Ecclesia,

97 5498 252 5574 Seperarit
276 5517 345 5578 ergo
365 5511 435 5564 tuuc
452 5504 531 5565 Deus
549 5521 629 5566 mare
655 5510 683 5565 st
705 5505 832 5565 minaces
855 5506 960 5566 duetus
1001 5499 1189 5573 semetipsum
1212 5495 1270 5555 lieo
1293 5494 1453 5555 sacndcare
1480 5491 1637 5562 contendit,
1663 5504 1780 5551 neeeme
1804 5497 1857 5587 est,

95 5587 136 5648 ab
161 5587 349 5653 inundatione
367 5598 451 5654 terrae
468 5594 654 5672 compescuit,
674 5601 707 5657 ut
731 5602 805 5654 terra
832 5592 959 5655 virentes
1002 5597 1036 5656 ut
1058 5596 1211 5664 postquam
1233 5584 1346 5646 lavacro
1368 5583 1442 5646 sacri
1466 5584 1554 5644 lautis
1580 5580 1720 5656 abluitur,
1735 5578 1858 5639 diversrs
