4100 6209
149 396 199 455 ssi
325 363 328 370 ’
932 396 1056 455 suano
1077 398 1127 456 ru.
1856 403 1908 462 sss

147 537 228 581 amor
242 527 364 580 terrenas
379 520 559 592 substantia,
573 522 618 582 rel
633 523 776 582 illecebrae
789 522 913 582 carnalis
931 527 1044 585 aver-tl
1057 521 1120 581 larii
1145 523 1190 596 lt„
1214 523 1375 596 stellarum]
1399 524 1492 597 ignes,
1518 523 1609 584 solem
1632 525 1744 601 loquor,
1766 526 1866 588 lunam
1882 537 1910 588 et

149 618 197 670 tat.
213 609 381 684 Dirigamus
400 608 478 684 lidei,
495 610 703 672 acderotionis
723 620 828 671 nostrae
843 610 944 670 oculos
958 625 1008 685 per
1052 611 1159 682 stellas,
1186 618 1214 671 et
1244 611 1337 671 multa
1368 611 1423 674 sibi
1458 612 1582 672 detracta
1627 613 1749 677 luminis
1782 617 1910 679 claritate

149 708 267 761 stratam
285 701 355 774 iam,
383 700 526 776 nobisque
547 704 721 778 propositam
745 704 822 762 riam
845 695 951 772 crucis,
977 710 1011 762 ut
1053 700 1223 773 multantur,
1240 706 1316 760 terra
1330 699 1524 773 maledicitur,
1537 702 1747 764 condemnatur
1757 705 1911 767 bominum

149 806 290 866 peream
318 789 469 849 inoliensis
503 790 651 863 gressibus
686 789 862 862 incedentes,
883 790 919 850 ad
940 806 1010 849 eum
1052 788 1204 856 successio,
1225 813 1240 839 ι
1271 796 1299 848 et
1326 788 1422 848 omnis
1454 796 1595 861 creatura,
1618 791 1704 865 juxta
1729 794 1911 869 Apostolum,

152 896 318 940 mereamur
346 877 394 935 50
418 878 570 957 attingere,
595 882 648 955 oui
668 889 768 941 auctor
792 888 820 940 et
843 888 1011 957 provocator
1052 879 1230 955 ingemiscit;
1268 884 1295 938 et
1326 879 1449 954 parturit
1485 885 1570 954 (Dora.
1599 883 1649 956 ιιι).
1675 908 1689 933 »
1720 883 1806 944 Taoet
1836 885 1914 947 Deus

152 969 256 1030 estad
282 967 405 1042 gloriam
429 970 659 1032 resurrectionis.
682 970 825 1041 Quicum
850 970 909 1030 Deo
929 970 1012 1030 Patre
1053 969 1246 1044 omnipotens,
1262 975 1290 1028 et
1314 969 1452 1030 ordinans
1470 972 1533 1046 ejus
1551 969 1597 1028 51
1618 973 1827 1048 omnipotentia
1850 983 1914 1036 tan-

152 1064 179 1118 et
193 1056 304 1133 Spiritu
316 1064 415 1117 sanem
427 1057 534 1118 rivitet
548 1066 648 1134 regnat
661 1060 692 1119 io
704 1061 812 1120 secula
824 1060 1010 1120 soeculorum.
1054 1062 1114 1116 tam
1128 1056 1294 1117 dissimulat
1318 1056 1530 1120 contusionem.
1555 1058 1685 1120 Tandem
1707 1062 1836 1123 nmcitur
1853 1061 1915 1123 Ma·

153 1149 258 1210 Amen.
553 1203 556 1212 ,
1055 1147 1108 1220 ria,
1125 1152 1155 1205 et
1176 1147 1213 1206 ad
1234 1146 1350 1207 nubiles
1373 1163 1467 1208 annos
1493 1148 1644 1222 egrediens
1670 1150 1795 1226 speciem
1820 1153 1917 1213 induit

391 1230 395 1238 ’
475 1217 630 1280 ’3ΕΒΜο
643 1219 694 1280 XI·
1056 1235 1225 1314 speciosam,
1244 1252 1310 1311 quaa
1331 1237 1426 1312 ipsum
1450 1236 1556 1298 alliciat
1579 1237 1683 1312 Deum,
1708 1245 1737 1298 et
1757 1239 1918 1302 divinitatis

189 1319 226 1367 ΒΕ
252 1318 497 1369 ANNVVVAVONV
515 1320 696 1368 BssfflSSllffl
716 1321 846 1389 vitonus
863 1321 978 1370 murm.
1056 1322 1156 1383 oculos
1167 1323 1200 1382 in
1217 1339 1249 1382 se
1266 1331 1424 1385 convertat.
1441 1321 1515 1384 Vide
1532 1324 1686 1402 quidinde
1702 1326 1916 1388 dicatillauon

493 1401 567 1473 (XXV
584 1401 685 1471 marr.)
1058 1412 1200 1471 minimus
1219 1410 1384 1486 explorator
1403 1418 1579 1472 secretorum
1598 1405 1650 1471 Dei
1675 1432 1682 1472 ε
1709 1438 1723 1464 ιι
1742 1415 1831 1486 Audi,
1846 1411 1918 1488 lilia,

190 1502 352 1575 ursulae,
367 1504 478 1577 iratres
499 1505 530 1564 in
545 1504 679 1574 Domino,
701 1505 770 1580 quia
783 1503 820 1563 de
833 1503 952 1564 domina
965 1501 1018 1561 illa
1057 1508 1087 1561 et
1100 1500 1178 1572 vide,
1198 1508 1226 1560 et
1241 1499 1351 1560 inclina
1367 1515 1469 1560 aorem
1488 1507 1578 1572 tuam,
1592 1506 1621 1560 et
1639 1497 1810 1563 obliviscere
1826 1519 1918 1579 popu-

156 1607 251 1654 sermo
267 1593 485 1670 succeditque
506 1593 685 1668 singularem
704 1593 734 1653 iu
751 1592 886 1653 cordibus
911 1590 1019 1650 nostris
1060 1591 1124 1650 lum
1143 1598 1239 1663 tuum,
1259 1596 1287 1649 et
1304 1590 1425 1656 domum
1443 1589 1533 1665 patris
1555 1590 1610 1650 tui.
1631 1589 1667 1650 Et
1684 1592 1850 1667 concupivit
1868 1608 1920 1652 rex

156 1679 212 1740 sibi
227 1680 356 1740 vindieat
369 1682 575 1757 principatum.
596 1681 667 1741 Haec
680 1688 734 1753 est,
752 1680 789 1740 ad
808 1681 893 1755 cujus
912 1693 1016 1739 nomen
1060 1680 1192 1739 decorem
1220 1685 1322 1750 tuum,
1350 1679 1491 1755 quoniam
1524 1678 1586 1756 ipse
1610 1685 1654 1738 est
1678 1678 1821 1742 Dominus
1844 1681 1922 1741 Deus

157 1784 262 1843 corpus
286 1769 436 1831 humiliter
454 1770 613 1842 inclinatis,
641 1770 724 1844 cujus
752 1769 831 1828 boris
854 1773 1020 1830 reverenter
1061 1775 1129 1829 tuus
1147 1771 1232 1839 (Prot.
1248 1774 1343 1838 xciv).
1361 1789 1376 1822 a
1396 1767 1546 1829 Germinat
1569 1768 1660 1844 igitur
1684 1769 1768 1845 virga
1785 1769 1866 1830 lesse
1887 1769 1923 1828 de

157 1859 301 1930 assistitis,
315 1861 400 1934 cujus
419 1860 587 1921 memoriam
606 1860 714 1935 jugiter
732 1859 931 1933 frequentatis.
949 1857 1020 1916 Haec
1031 1863 1190 1937 Btortnosa
1207 1858 1302 1917 radice
1316 1853 1432 1931 generis
1447 1855 1582 1932 humani,
1597 1866 1626 1920 et
1643 1859 1679 1920 de
1694 1859 1925 1935 patriarcharum

159 1954 210 2017 est,
233 1961 301 2020 quae
319 1948 424 2006 restris
442 1947 592 2009 affectibus
610 1948 737 2009 suaviter
755 1947 937 2017 indulcescit,
952 1944 1022 2020 num
1065 1947 1168 2007 arbore
1195 1948 1226 2005 in
1251 1945 1446 2020 ,altitudinem
1473 1954 1500 2005 et
1528 1947 1732 2008 rectitudinem
1759 1963 1925 2024 erumpens,

161 2049 267 2108 magna
302 2033 460 2095 multitudo
490 2036 654 2096 dulcedinis
680 2037 753 2111 ejus.
782 2035 909 2110 Spiritus
941 2035 1023 2093 euim
1066 2050 1185 2094 omnem
1204 2033 1317 2109 ignorat
1343 2033 1545 2108 nodositatem,
1565 2029 1693 2095 liliorum
1714 2033 1758 2111 lt..
1779 2035 1926 2108 loliorum]

160 2127 223 2200 ejus
243 2141 331 2201 super
349 2126 407 2187 mel
427 2128 535 2199 dolcis3
553 2128 585 2186 in
600 2144 658 2204 qua
678 2128 775 2188 dulcis
793 2128 934 2189 Dominus
956 2141 1024 2186 cum
1068 2123 1199 2183 tenebras
1223 2124 1324 2195 nescit,
1351 2124 1500 2183 lructuosa
1521 2126 1566 2197 lt..
1587 2125 1778 2197 infructuosa]
1803 2139 1928 2200 qumque

160 2217 242 2275 omni
269 2231 321 2275 sna
342 2215 496 2276 dulcedine
520 2219 696 2292 supervenit.
727 2219 800 2278 tium
819 2218 899 2277 enim
928 2218 1028 2279 lecerit
1068 2230 1127 2274 non
1154 2214 1249 2273 babet.
1268 2213 1352 2273 Videt
1369 2220 1398 2273 et
1419 2214 1500 2274 ardet
1519 2213 1568 2273 ille
1587 2215 1746 2275 vehemens
1765 2221 1885 2289 amator,
1901 2221 1930 2277 st

162 2304 240 2363 Deus
257 2304 357 2363 omnia
375 2321 461 2381 opera
480 2322 533 2365 sna
553 2307 637 2366 ratde
658 2307 734 2366 bona
748 2309 822 2381 toea.
839 2309 870 2380 ι),
890 2308 945 2366 boc
963 2324 1027 2368 me·
1070 2297 1161 2363 totum
1185 2302 1406 2378 epithalamium
1427 2302 1459 2362 in
1476 2301 1613 2363 laudibus
1636 2305 1702 2380 ejus
1717 2304 1861 2374 decantat,
1877 2301 1929 2365 ubi

160 2393 219 2454 lius
240 2394 317 2463 iecit
340 2410 511 2454 consecrans
536 2395 591 2455 sib'r
619 2395 651 2455 in
674 2412 708 2455 ea
732 2395 948 2456 reclinatorium
974 2412 1027 2456 au·
1069 2391 1222 2450 manifeste
1241 2406 1366 2465 sponsus
1388 2389 1537 2450 inducitur
1557 2392 1671 2465 spirans
1688 2407 1818 2453 amorem
1838 2392 1931 2452 sinee-

161 2498 255 2552 mum,
276 2482 307 2541 iu
329 2499 388 2559 qua
408 2484 469 2542 sola
493 2499 523 2542 se
546 2491 610 2558 post
637 2484 782 2543 tumultus
801 2482 971 2558 angelorum
1000 2490 1029 2544 et
1070 2480 1233 2551 rissimum,
1251 2495 1304 2538 nec
1316 2478 1392 2538 ultra
1407 2473 1508 2539 valens
1522 2478 1709 2564 dissimulare
1720 2481 1800 2557 quod
1813 2483 1929 2557 patitur.
1952 2547 1955 2552 ,

163 2572 320 2632 bominum
340 2572 503 2642 reclinaret,
523 2580 551 2631 et
573 2572 704 2647 requiem
722 2571 877 2632 inveniret.
901 2572 963 2633 Hoc
986 2583 1030 2637 est
1070 2571 1215 2631 Evocatur
1243 2573 1339 2631 statim
1365 2570 1491 2631 coelestis
1514 2570 1565 2630 ille
1596 2581 1768 2645 concentus,
1791 2580 1821 2633 et
1845 2574 1933 2648 juxta

161 2663 242 2738 quod
265 2669 368 2721 natura
397 2663 536 2732 miratur,
569 2670 717 2721 reveretur
742 2663 881 2738 angelus,
912 2668 1030 2722 veretur
1071 2661 1240 2737 prophetam
1276 2660 1333 2720 init
1364 2660 1442 2722 Deus
1478 2661 1645 2733 consilium,
1674 2661 1750 2738 cogit
1776 2663 1935 2723 concilium

162 2755 270 2823 bomo,
304 2753 443 2827 stupescit
468 2754 591 2824 coelum,
624 2754 760 2812 extremit
788 2761 873 2824 terra,
898 2753 1031 2812 internus
1072 2750 1322 2823 (lsol.xlt1),laeit
1345 2751 1935 2827 sermonemcumangelisderestaurs·

161 2844 315 2902 exhorret.
330 2841 364 2900 In
385 2842 474 2917 liujus
494 2849 575 2901 utero
594 2842 728 2915 majestas
747 2842 889 2901 ditissimi
909 2840 1030 2900 mirabi·
1074 2838 1151 2898 tione
1165 2855 1277 2910 eorum,
1290 2840 1326 2900 de
1344 2841 1542 2916 redemptione
1564 2842 1730 2914 bominum,
1753 2843 1790 2904 de
1806 2842 1936 2903 elemen-

164 2931 231 2990 liter
253 2929 419 3005 liquefacta,
443 2930 519 2990 sicut
543 2931 627 3006 adipe
651 2937 679 2990 et
707 2931 884 3006 pinguedine
908 2928 1031 3005 replevit
1074 2933 1171 2987 torum
1183 2929 1381 3001 renotatione,
1397 2930 1504 2991 acillis
1519 2931 1703 3007 stupentibus
1718 2939 1746 2991 et
1762 2931 1937 2992 mirantibus

164 3031 266 3092 terras,
295 3022 403 3081 inludit
427 3023 524 3090 coelos,
552 3021 666 3080 interna
687 3022 830 3096 respersit.
852 3019 908 3079 Hic
926 3020 1030 3079 esina-
1073 3033 1134 3094 prae
1154 3019 1273 3093 gaudio,
1295 3019 1332 3079 de
1353 3020 1439 3079 modo
1466 3020 1682 3096 redemptionis.
1711 3020 1747 3080 Et
1772 3022 1870 3080 statim
1901 3020 1937 3081 de

164 3111 242 3171 uirit
261 3111 449 3186 semetipsum
469 3112 584 3184 lettip.
607 3112 636 3184 ιι)
654 3110 788 3170 eneelsus
811 3116 839 3169 ot
857 3110 1031 3182 immensus,
1077 3109 1211 3168 thesauro
1238 3108 1377 3169 divinitas
1398 3108 1498 3169 Mariae
1525 3125 1630 3170 nomen
1653 3109 1811 3183 evolvitur,
1836 3116 1865 3169 et
1886 3126 1939 3186 per
2008 3109 2009 3112 ’

164 3217 335 3262 mensuram
353 3201 470 3272 bonam,
493 3209 521 3260 et
545 3203 704 3261 eoulcrtam
721 3209 750 3260 et
771 3199 940 3275 coagitatam
963 3198 1031 3258 mit·
1045 3201 1181 3294 Gipsam,
1197 3207 1226 3259 et
1244 3202 1276 3259 in
1289 3200 1363 3275 ipsa,
1380 3207 1408 3260 ct
1422 3200 1458 3260 de
1471 3201 1544 3277 ipsa,
1558 3210 1587 3261 et
1604 3217 1671 3262 cum
1692 3202 1754 3276 ipsa
1773 3206 1866 3261 totum
1883 3200 1937 3260 boc

165 3298 231 3350 teus
246 3290 280 3349 iu
295 3292 395 3350 sinum
408 3296 541 3351 nostrum
557 3292 633 3360 (Luc.
645 3294 697 3359 vr).
715 3288 888 3349 Hicdivinis
899 3286 1035 3347 manibus
1079 3288 1244 3350 laciendum
1257 3289 1432 3360 decernitur,
1445 3295 1479 3349 ut
1491 3290 1567 3349 sicut
1579 3290 1643 3352 sine
1658 3288 1799 3374 illolnibil
1815 3289 1935 3360 lactum,

167 3387 278 3440 unctus
301 3386 346 3440 est
365 3379 429 3439 oleo
453 3378 571 3449 laetitiae,
591 3384 620 3436 et
639 3379 715 3438 sicut
734 3379 770 3438 ab
792 3376 882 3436 altare
903 3376 932 3435 in
953 3391 1035 3435 som·
1077 3377 1116 3437 ita
1131 3377 1258 3437 sineilla
1272 3375 1349 3436 nibil
1363 3379 1502 3437 relectum
1520 3378 1567 3438 sit.
1588 3377 1725 3438 Traditur
1737 3378 1856 3452 epistola
1878 3377 1936 3440 Ga·

167 3486 254 3529 mum
272 3469 439 3545 pontificem
459 3474 653 3529 consecratus.
677 3467 718 3527 De
739 3465 890 3526 bocaltnri
904 3466 940 3525 ad
954 3479 1035 3524 aram
1076 3466 1171 3535 bristi,
1198 3466 1315 3542 inqua
1350 3465 1488 3525 salutatio
1523 3465 1662 3540 Virginis,
1690 3466 1851 3528 incarnatio
1878 3466 1935 3527 Re·

168 3557 266 3616 erucis
294 3556 454 3616 ascendens
480 3556 597 3631 proprio
624 3570 727 3614 cruore
758 3561 893 3629 tauquam
914 3552 1036 3612 alterius
1076 3554 1243 3628 demptoris,
1273 3554 1377 3614 modus
1402 3554 1620 3629 redemptionis,
1648 3551 1799 3630 plenitudo
1824 3555 1934 3632 gratiae,

169 3647 288 3721 generis
302 3647 365 3706 oleo
389 3646 534 3722 pertusus,
553 3647 613 3720 jam
639 3660 699 3704 non
723 3645 817 3704 solum
841 3652 1035 3714 consecratus,
1075 3643 1177 3720 glorias
1193 3643 1372 3718 magnitudo,
1388 3643 1544 3703 multitudo
1560 3642 1668 3704 lactitiae
1685 3644 1858 3706 contuetur.

171 3736 222 3795 sed
242 3743 272 3795 et
289 3750 472 3807 consecrans,
488 3742 583 3796 totum
602 3750 705 3809 eorpus
717 3733 861 3794 maenium
876 3731 1036 3791 mundialis
1112 3742 1217 3801 Missus
1240 3747 1283 3800 esc
1305 3756 1374 3816 ergo
1398 3739 1521 3816 angelus
1540 3741 1657 3802 Gabriel
1678 3758 1696 3801 a
1715 3742 1774 3802 [J00
1787 3743 1824 3802 ad
1840 3742 1937 3820 γης).

172 3823 295 3899 largiori
324 3824 466 3900 ligamine
485 3823 639 3897 copulavit.
663 3822 796 3882 Facessat
809 3822 898 3896 igilur
917 3836 1035 3891 moerot,
1076 3846 1153 3902 nem,
1183 3847 1261 3905 quae,
1289 3837 1440 3906 postquam
1465 3830 1492 3889 ei
1520 3829 1705 3904 insumerem,
1729 3831 1820 3891 sensit
1844 3830 1937 3893 Deum

174 3914 293 3973 Vistilia
317 3913 421 3988 lugiet,
446 3912 616 3972 eliminetur
647 3910 737 3981 d⁰l⁰t‚
762 3926 865 3970 fflssffll
890 3910 1035 3983 abscedat,
1077 3920 1139 3980 suis
1157 3919 1295 3994 illapsum
1318 3918 1489 3990 visceribus,
1512 3919 1750 3995 majestatemque
1770 3918 1852 3979 illius
1875 3920 1936 3979 rir-

173 4010 206 4063 ut
219 4001 306 4061 liceat
321 4017 422 4060 vacare
435 4007 463 4060 el
482 4000 582 4061 Videte
600 4015 667 4061 ΜΠ]
683 3999 782 4074 MOVSe
798 3998 941 4058 visionem
958 3999 1036 4057 hanc
1076 4009 1182 4086 ginalis
1196 4007 1307 4068 uentris
1327 4007 1467 4068 brevitate
1481 4006 1647 4067 conclusam
1662 4011 1739 4077 (Luc.
1753 4012 1785 4079 1).
1800 4006 1823 4068 D
1838 4013 1938 4068 venter

172 4092 315 4167 glandem
341 4094 439 4164 (EVM-
469 4095 521 4167 1¹¹),
548 4090 673 4166 dualiter
698 4089 776 4150 Deus
797 4091 828 4149 1ss
855 4090 910 4150 ¹10⁰
935 4096 1037 4148 lenite
1076 4099 1210 4159 diliusior
1234 4097 1325 4170 coelm,
1357 4097 1440 4157 terris
1462 4097 1596 4170 amplior,
1621 4100 1752 4174 capacior
1773 4097 1936 4168 elementis,

173 4182 367 4258 mucipiatur,
396 4183 555 4258 decipiatur
578 4182 722 4254 diabolus,
753 4181 907 4257 recipiatur
939 4181 1035 4256 perdi·
1075 4187 1127 4263 qni
1141 4193 1232 4246 totum
1246 4186 1355 4246 claudit
1373 4185 1472 4246 omnia
1483 4185 1715 4257 concludentem,
1732 4188 1764 4246 in
1781 4202 1839 4262 ouo
1858 4187 1937 4246 Deus

173 4281 249 4338 tum,
267 4271 430 4332 indebitum
445 4271 613 4347 accipiatur.
630 4271 735 4332 Totum
750 4287 797 4331 me
813 4272 900 4331 trabit
911 4271 1034 4343 affectio,
1075 4276 1178 4352 gloriae
1194 4275 1358 4336 reclinatur.
1368 4275 1499 4350 Denique
1512 4283 1540 4335 et
1551 4276 1744 4350 archangelus
1756 4276 1797 4336 ait
1813 4299 1820 4334 :
1836 4277 1935 4346 «Are,

170 4363 223 4423 sed
242 4362 337 4422 oratio
354 4362 462 4434 delicit,
474 4371 503 4420 ct
520 4361 604 4421 dives
621 4362 756 4436 cogitatio
773 4362 852 4421 uocis
869 4367 1036 4435 paupertate
1076 4364 1167 4439 gratia
1189 4363 1284 4439 plena,
1299 4363 1443 4422 Dominus
1466 4370 1561 4423 tecum
1586 4364 1697 4438 (lbtdlt
1717 4389 1728 4417 »
1745 4366 1815 4441 quia
1836 4382 1854 4424 a
1875 4366 1935 4426 Deo

171 4453 376 4515 contunditur.
392 4454 517 4513 Fervent
529 4454 678 4524 interiora,
694 4458 722 4511 et
739 4454 769 4511 io
789 4452 931 4512 undosam
948 4450 1034 4510 ebul·
1076 4453 1194 4512 electam
1212 4460 1241 4510 et
1256 4451 1448 4526 praeelectam,
1463 4457 1549 4511 totam
1569 4469 1632 4512 earu
1652 4460 1863 4527 rapturuserat
1877 4454 1933 4514 sibi

171 4545 252 4605 liunt
281 4542 477 4612 altitudinem,
508 4542 558 4601 sed
591 4541 733 4617 frigiditas
763 4540 872 4615 lingum
898 4537 1205 4643 cumulosDSpiritus
1216 4547 1333 4599 sanctus
1347 4546 1374 4597 et
1387 4539 1553 4599 coelestlbus
1568 4539 1764 4614 insigniturus
1776 4557 1933 4601 ornamen-

169 4632 324 4705 retrigerat
339 4632 532 4691 exundantes.
1079 4632 1203 4692 lislam
1229 4631 1423 4690 consecranda
1446 4639 1506 4690 crat
1522 4631 1553 4689 in
1576 4631 1674 4691 locurn
1706 4632 1870 4707 voluptatis,
1899 4633 1934 4692 de

205 4719 285 4791 Quid
301 4727 353 4788 est,
367 4719 553 4779 beatissima?
569 4715 706 4793 Nunquid
727 4716 767 4774 ita
788 4715 896 4775 sensim
915 4714 1035 4776 tacitur-
1075 4735 1135 4796 qno
1147 4720 1212 4778 ious
1227 4719 1277 4777 ille
1294 4718 1415 4777 debebat
1434 4719 1598 4791 ascendero,
1612 4719 1665 4795 qui
1686 4719 1853 4781 universam
1876 4727 1935 4781 ter·

169 4828 229 4871 nus
243 4809 440 4880 obdormiam,
457 4816 490 4870 ut
503 4809 542 4869 ibi
561 4816 660 4869 mutus
681 4808 748 4880 sim,
763 4807 815 4866 ubi
830 4807 926 4865 omnis
939 4804 1034 4880 loqui·
1076 4824 1117 4867 rae
1130 4807 1312 4882 superficiem
1327 4808 1461 4882 irrigaret
1476 4808 1549 4879 (den.
1564 4809 1604 4882 ιι).

168 4907 220 4960 tur
250 4898 407 4959 meatum?
433 4898 642 4959 Verumtamen
677 4913 737 4957 non
775 4895 892 4965 tacebo,
920 4902 948 4954 et
975 4908 1034 4954 oon
1113 4898 1188 4958 Satis
1208 4899 1265 4959 buc
1285 4914 1379 4974 usque
1393 4899 1552 4973 sparsimus
1566 4899 1662 4972 rerba,
1677 4907 1706 4960 et
1724 4899 1855 4959 volaticis
1871 4916 1932 4960 ser·

166 4988 333 5063 quiem,
348 4988 439 5048 ⁶⁰⁰0ss
456 4987 620 5063 egrediatur
637 4993 670 5046 1¹¹
686 4985 824 5062 Slllesstl⁰t
843 4982 940 5043 lullus
955 4989 1033 5053 tuus,
1076 4988 1214 5049 monibus
1227 4990 1344 5049 diversa
1354 4989 1627 5064 praeseminavimus
1643 5014 1650 5049 z
1666 5005 1746 5050 nuuc
1763 4990 1933 5051 insistamus

165 5084 197 5137 et
219 5090 318 5138 sermo
335 5065 371 5136 de
391 5084 417 5136 te
436 5082 602 5151 conceptus,
622 5076 648 5135 si
668 5091 725 5135 non
744 5081 777 5134 ut
794 5073 914 5149 lampas,
931 5072 1034 5132 saltem
1076 5078 1133 5147 tric,
1149 5077 1174 5136 si
1187 5078 1259 5135 lortc
1272 5075 1385 5153 aliquid
1403 5076 1525 5148 dignum
1539 5074 1644 5136 elicere
1657 5077 1818 5138 valeamm.
1835 5077 1932 5139 «illu-

165 5175 203 5229 ut
223 5167 353 5227 scintilla
373 5168 546 5228 accendatur
559 5170 634 5237 [lsai.
648 5167 732 5237 ιιιιι).
746 5164 841 5224 Movet
861 5179 918 5231 me,
934 5163 1033 5231 iatcor,
1076 5163 1152 5234 vius,
1168 5164 1209 5222 ait
1232 5162 1389 5237 Scriptum,
1413 5162 1612 5237 egrediebatur
1631 5165 1666 5224 de
1690 5165 1753 5226 loco
1777 5166 1933 5242 voluptatis

164 5258 251 5336 quod
269 5260 453 5334 permittente
470 5258 529 5318 Deo
551 5262 668 5332 peccant
686 5253 869 5316 rationabiles
883 5259 1033 5322 creaturae,
1075 5254 1112 5312 ad
1129 5251 1308 5324 irrigandam
1329 5250 1496 5310 universam
1524 5252 1706 5326 superficiem
1732 5260 1817 5314 terrm
1846 5275 1852 5315 :
1881 5255 1933 5332 qui

163 5358 197 5411 et
213 5348 318 5409 multis
337 5364 483 5408 annorum
510 5347 641 5406 millibus
659 5353 718 5404 mm
733 5342 1034 5417 coelestiaquamter·
1075 5339 1144 5399 inde
1168 5338 1311 5398 dividitur
1334 5338 1365 5396 in
1386 5342 1512 5412 quatuor
1538 5339 1932 5413 repraesentaturus

162 5436 522 5501 resinaioeessumstare
538 5436 702 5503 rideantur,
717 5428 954 5501 serviturisistis,
975 5429 1035 5488 illis
1076 5429 1129 5487 iste
1156 5433 1199 5486 est
1224 5425 1301 5485 Deus
1322 5440 1406 5484 meus
1426 5425 1520 5494 lesus,
1539 5428 1590 5502 qui
1618 5444 1636 5487 a
1659 5430 1774 5491 duobus
1793 5431 1864 5494 locis
1879 5449 1931 5493 vo·

161 5528 287 5588 dirutis.
300 5525 361 5586 Stat
374 5524 425 5586 illa
439 5539 543 5598 magua
556 5522 659 5582 civitas
671 5520 783 5580 cisium
798 5532 920 5579 suorum
933 5533 1035 5578 nume·
1077 5516 1194 5592 luptatis
1207 5514 1362 5590 egreditur,
1379 5528 1417 5572 ex
1433 5521 1514 5575 utero
1527 5515 1629 5587 Patris,
1643 5533 1681 5577 ex
1698 5526 1778 5580 utero
1792 5521 1930 5598 Virginis.

161 5619 290 5681 rositate
309 5616 450 5688 fraudata,
472 5622 500 5674 et
517 5630 536 5673 a
552 5611 734 5673 stellantibus
752 5608 866 5685 palatiis
880 5607 1035 5683 multiplex
1077 5604 1160 5665 Unde
1178 5603 1341 5680 Propheta:
1359 5627 1374 5653 ι
1389 5600 1531 5664 Dominus
1549 5602 1627 5666 Dens
1642 5613 1739 5667 noster
1752 5608 1862 5670 fluvius
1874 5608 1935 5684 glo·

162 5704 372 5768 habitantium
386 5703 542 5766 multitudo
554 5700 742 5779 propellitur;
756 5699 947 5760 obscurantur
964 5695 1033 5756 stel-
1077 5694 1184 5768 riosus,
1204 5691 1343 5754 exsiliens
1363 5693 1394 5752 in
1418 5697 1528 5752 terram
1546 5693 1694 5757 sitientem
1717 5702 1794 5769 (lsai.
1822 5703 1896 5770 ιιιι).
1917 5724 1932 5751 ι.
