<?xml version="1.0" encoding="UTF-8"?>
<!DOCTYPE html PUBLIC "-//W3C//DTD XHTML 1.0 Transitional//EN"
    "http://www.w3.org/TR/xhtml1/DTD/xhtml1-transitional.dtd">
<html xmlns="http://www.w3.org/1999/xhtml" xml:lang="en" lang="en">
 <head>
  <title>
</title>
<meta http-equiv="Content-Type" content="text/html;charset=utf-8" />
  <meta name='ocr-system' content='tesseract 3.04.00' />
  <meta name='ocr-capabilities' content='ocr_page ocr_carea ocr_par ocr_line ocrx_word'/>
</head>
<body>
  <div class='ocr_page' id='page_1' title='image "./patrologiaecurs123unkngoog/patrologiaecurs123unkngoog_0295.png"; bbox 0 0 4100 6209; ppageno 0'>
   <div class='ocr_carea' id='block_1_1' title="bbox 25 5925 32 6148">
    <p class='ocr_par' dir='ltr' id='par_1_1' title="bbox 25 5925 32 6148">
     <span class='ocr_line' id='line_1_1' title="bbox 25 5925 32 6148; baseline 0 0"><span class='ocrx_word' id='word_1_1' title='bbox 25 5925 32 6148; x_wconf 90' lang='lat' dir='ltr'>l</span> 
     </span>
    </p>
   </div>
   <div class='ocr_carea' id='block_1_2' title="bbox 224 358 1980 424">
    <p class='ocr_par' dir='ltr' id='par_1_2' title="bbox 224 358 1980 424">
     <span class='ocr_line' id='line_1_2' title="bbox 224 358 1980 424; baseline -0.001 -4"><span class='ocrx_word' id='word_1_2' title='bbox 224 360 278 420; x_wconf 78' lang='grc'>579</span> <span class='ocrx_word' id='word_1_3' title='bbox 532 362 561 422; x_wconf 87' lang='lat' dir='ltr'>S.</span> <span class='ocrx_word' id='word_1_4' title='bbox 587 360 696 421; x_wconf 76' lang='lat' dir='ltr'>Putat</span> <span class='ocrx_word' id='word_1_5' title='bbox 716 360 876 420; x_wconf 83' lang='lat' dir='ltr'><strong>DAMIANI</strong></span> <span class='ocrx_word' id='word_1_6' title='bbox 895 359 974 421; x_wconf 64' lang='lat' dir='ltr'>ortt.</span> <span class='ocrx_word' id='word_1_7' title='bbox 998 361 1093 422; x_wconf 77' lang='lat' dir='ltr'><strong>PARS</strong></span> <span class='ocrx_word' id='word_1_8' title='bbox 1114 362 1184 424; x_wconf 78' lang='lat' dir='ltr'>SEU</span> <span class='ocrx_word' id='word_1_9' title='bbox 1206 361 1331 423; x_wconf 79' lang='lat' dir='ltr'>TOMUS</span> <span class='ocrx_word' id='word_1_10' title='bbox 1351 362 1388 422; x_wconf 90' lang='grc' dir='ltr'>ΙΙ.</span> <span class='ocrx_word' id='word_1_11' title='bbox 1411 393 1443 404; x_wconf 91' lang='grc'><strong>-</strong></span> <span class='ocrx_word' id='word_1_12' title='bbox 1464 359 1671 422; x_wconf 75' lang='lat' dir='ltr'>submoues.</span> <span class='ocrx_word' id='word_1_13' title='bbox 1927 358 1980 419; x_wconf 76' lang='lat'>58⁰</span> 
     </span>
    </p>
   </div>
   <div class='ocr_carea' id='block_1_3' title="bbox 223 484 2024 5210">
    <p class='ocr_par' dir='ltr' id='par_1_3' title="bbox 223 484 2024 5210">
     <span class='ocr_line' id='line_1_3' title="bbox 226 484 1981 561; baseline -0.001 -16"><span class='ocrx_word' id='word_1_14' title='bbox 226 485 283 545; x_wconf 91' lang='lat' dir='ltr'>dab</span> <span class='ocrx_word' id='word_1_15' title='bbox 301 492 399 544; x_wconf 86' lang='lat' dir='ltr'>antem</span> <span class='ocrx_word' id='word_1_16' title='bbox 416 492 446 545; x_wconf 88' lang='lat' dir='ltr'>at</span> <span class='ocrx_word' id='word_1_17' title='bbox 464 485 552 559; x_wconf 83' lang='lat' dir='ltr'>nepos</span> <span class='ocrx_word' id='word_1_18' title='bbox 569 484 653 544; x_wconf 82' lang='lat' dir='ltr'>iude</span> <span class='ocrx_word' id='word_1_19' title='bbox 667 484 759 544; x_wconf 89' lang='lat' dir='ltr'>tuisse</span> <span class='ocrx_word' id='word_1_20' title='bbox 768 485 960 560; x_wconf 90' lang='lat' dir='ltr'>cognoscitur,</span> <span class='ocrx_word' id='word_1_21' title='bbox 976 486 1029 559; x_wconf 90' lang='lat' dir='ltr'>qui</span> <span class='ocrx_word' id='word_1_22' title='bbox 1045 485 1108 549; x_wconf 81' lang='lat' dir='ltr'>ioh</span> <span class='ocrx_word' id='word_1_23' title='bbox 1122 485 1257 546; x_wconf 81' lang='lat' dir='ltr'>cordibus</span> <span class='ocrx_word' id='word_1_24' title='bbox 1282 485 1400 561; x_wconf 88' lang='lat' dir='ltr'>eloquia</span> <span class='ocrx_word' id='word_1_25' title='bbox 1426 502 1506 545; x_wconf 88' lang='lat' dir='ltr'>sacra</span> <span class='ocrx_word' id='word_1_26' title='bbox 1530 484 1711 555; x_wconf 71' lang='lat' dir='ltr'><strong>meditantes,</strong></span> <span class='ocrx_word' id='word_1_27' title='bbox 1738 485 1907 546; x_wconf 88' lang='lat' dir='ltr'>testamenti</span> <span class='ocrx_word' id='word_1_28' title='bbox 1932 499 1981 544; x_wconf 87' lang='lat' dir='ltr'>ar·</span> 
     </span>
     <span class='ocr_line' id='line_1_4' title="bbox 227 573 1979 652; baseline -0.002 -16"><span class='ocrx_word' id='word_1_29' title='bbox 227 576 392 652; x_wconf 79' lang='lat' dir='ltr'>genealogia</span> <span class='ocrx_word' id='word_1_30' title='bbox 411 575 529 636; x_wconf 87' lang='lat' dir='ltr'><strong>Domini</strong></span> <span class='ocrx_word' id='word_1_31' title='bbox 548 590 615 634; x_wconf 90' lang='lat' dir='ltr'>cum</span> <span class='ocrx_word' id='word_1_32' title='bbox 635 575 764 649; x_wconf 91' lang='lat' dir='ltr'>patribus</span> <span class='ocrx_word' id='word_1_33' title='bbox 783 582 963 636; x_wconf 87' lang='lat' dir='ltr'>numeratur.</span> <span class='ocrx_word' id='word_1_34' title='bbox 984 575 1078 635; x_wconf 91' lang='lat' dir='ltr'>Inter·</span> <span class='ocrx_word' id='word_1_35' title='bbox 1118 591 1181 636; x_wconf 88' lang='lat' dir='ltr'>cam</span> <span class='ocrx_word' id='word_1_36' title='bbox 1205 577 1268 636; x_wconf 91' lang='lat' dir='ltr'>sine</span> <span class='ocrx_word' id='word_1_37' title='bbox 1295 591 1376 635; x_wconf 90' lang='lat' dir='ltr'>mora</span> <span class='ocrx_word' id='word_1_38' title='bbox 1398 575 1526 647; x_wconf 80' lang='lat' dir='ltr'>elevent,</span> <span class='ocrx_word' id='word_1_39' title='bbox 1551 574 1576 633; x_wconf 87' lang='lat' dir='ltr'>si</span> <span class='ocrx_word' id='word_1_40' title='bbox 1605 573 1749 649; x_wconf 85' lang='lat' dir='ltr'>quidquid</span> <span class='ocrx_word' id='word_1_41' title='bbox 1775 589 1892 633; x_wconf 71' lang='lat' dir='ltr'>noceas</span> <span class='ocrx_word' id='word_1_42' title='bbox 1919 581 1979 642; x_wconf 86' lang='lat' dir='ltr'>est,</span> 
     </span>
     <span class='ocr_line' id='line_1_5' title="bbox 225 662 1981 742; baseline -0.003 -16"><span class='ocrx_word' id='word_1_43' title='bbox 225 672 353 742; x_wconf 90' lang='lat' dir='ltr'>pretatur</span> <span class='ocrx_word' id='word_1_44' title='bbox 375 663 548 734; x_wconf 71' lang='lat' dir='ltr'>aminadab,</span> <span class='ocrx_word' id='word_1_45' title='bbox 566 667 665 737; x_wconf 82' lang='lat' dir='ltr'>populi</span> <span class='ocrx_word' id='word_1_46' title='bbox 687 668 742 721; x_wconf 84' lang='lat' dir='ltr'>met</span> <span class='ocrx_word' id='word_1_47' title='bbox 761 670 936 738; x_wconf 76' lang='lat' dir='ltr'>spontaneus,</span> <span class='ocrx_word' id='word_1_48' title='bbox 956 665 1079 740; x_wconf 91' lang='lat' dir='ltr'>ideoque</span> <span class='ocrx_word' id='word_1_49' title='bbox 1119 667 1250 741; x_wconf 91' lang='lat' dir='ltr'>protinus</span> <span class='ocrx_word' id='word_1_50' title='bbox 1272 668 1400 726; x_wconf 87' lang='lat' dir='ltr'>doceant.</span> <span class='ocrx_word' id='word_1_51' title='bbox 1425 664 1509 724; x_wconf 88' lang='lat' dir='ltr'>Unde</span> <span class='ocrx_word' id='word_1_52' title='bbox 1531 664 1606 724; x_wconf 89' lang='lat' dir='ltr'>bene</span> <span class='ocrx_word' id='word_1_53' title='bbox 1626 663 1740 737; x_wconf 87' lang='lat' dir='ltr'>primus</span> <span class='ocrx_word' id='word_1_54' title='bbox 1756 669 1854 739; x_wconf 88' lang='lat' dir='ltr'>pastor</span> <span class='ocrx_word' id='word_1_55' title='bbox 1877 662 1981 722; x_wconf 87' lang='lat' dir='ltr'>Eccle-</span> 
     </span>
     <span class='ocr_line' id='line_1_6' title="bbox 225 750 1979 831; baseline -0.003 -16"><span class='ocrx_word' id='word_1_56' title='bbox 225 771 285 815; x_wconf 91' lang='lat' dir='ltr'>non</span> <span class='ocrx_word' id='word_1_57' title='bbox 307 756 465 829; x_wconf 84' lang='lat' dir='ltr'>incongrue</span> <span class='ocrx_word' id='word_1_58' title='bbox 488 753 631 827; x_wconf 82' lang='lat' dir='ltr'>significat</span> <span class='ocrx_word' id='word_1_59' title='bbox 654 751 811 824; x_wconf 79' lang='lat' dir='ltr'>Christum,</span> <span class='ocrx_word' id='word_1_60' title='bbox 837 755 888 830; x_wconf 89' lang='lat' dir='ltr'>qui</span> <span class='ocrx_word' id='word_1_61' title='bbox 912 756 1010 829; x_wconf 90' lang='lat' dir='ltr'>populi</span> <span class='ocrx_word' id='word_1_62' title='bbox 1032 757 1079 817; x_wconf 91' lang='lat' dir='ltr'>sui</span> <span class='ocrx_word' id='word_1_63' title='bbox 1118 757 1170 815; x_wconf 87' lang='lat' dir='ltr'>sie</span> <span class='ocrx_word' id='word_1_64' title='bbox 1197 761 1324 831; x_wconf 88' lang='lat' dir='ltr'>pastores</span> <span class='ocrx_word' id='word_1_65' title='bbox 1349 761 1467 814; x_wconf 85' lang='lat' dir='ltr'>ceteros</span> <span class='ocrx_word' id='word_1_66' title='bbox 1495 754 1653 823; x_wconf 87' lang='lat' dir='ltr'>admonet,</span> <span class='ocrx_word' id='word_1_67' title='bbox 1677 751 1777 813; x_wconf 86' lang='lat' dir='ltr'>direos</span> <span class='ocrx_word' id='word_1_68' title='bbox 1803 774 1809 813; x_wconf 94' lang='lat'><strong>:</strong></span> <span class='ocrx_word' id='word_1_69' title='bbox 1837 773 1853 807; x_wconf 81' lang='grc' dir='ltr'><strong>ι</strong></span> <span class='ocrx_word' id='word_1_70' title='bbox 1883 750 1979 811; x_wconf 87' lang='lat' dir='ltr'>Parati</span> 
     </span>
     <span class='ocr_line' id='line_1_7' title="bbox 224 840 1979 922; baseline -0.003 -17"><span class='ocrx_word' id='word_1_71' title='bbox 224 851 399 922; x_wconf 89' lang='lat' dir='ltr'>spontaneus</span> <span class='ocrx_word' id='word_1_72' title='bbox 417 844 483 917; x_wconf 88' lang='lat' dir='ltr'>fuit,</span> <span class='ocrx_word' id='word_1_73' title='bbox 501 845 572 922; x_wconf 88' lang='lat' dir='ltr'>quia</span> <span class='ocrx_word' id='word_1_74' title='bbox 590 859 655 904; x_wconf 92' lang='lat' dir='ltr'>cum</span> <span class='ocrx_word' id='word_1_75' title='bbox 676 844 754 903; x_wconf 90' lang='lat' dir='ltr'>Deus</span> <span class='ocrx_word' id='word_1_76' title='bbox 773 853 857 920; x_wconf 90' lang='lat' dir='ltr'>esset,</span> <span class='ocrx_word' id='word_1_77' title='bbox 872 854 973 921; x_wconf 91' lang='lat' dir='ltr'>sponte</span> <span class='ocrx_word' id='word_1_78' title='bbox 988 848 1080 908; x_wconf 85' lang='lat' dir='ltr'>factus</span> <span class='ocrx_word' id='word_1_79' title='bbox 1119 860 1233 920; x_wconf 87' lang='lat' dir='ltr'>semper</span> <span class='ocrx_word' id='word_1_80' title='bbox 1253 844 1291 904; x_wconf 88' lang='lat' dir='ltr'>ad</span> <span class='ocrx_word' id='word_1_81' title='bbox 1310 843 1535 904; x_wconf 77' lang='lat' dir='ltr'>satisfactionem</span> <span class='ocrx_word' id='word_1_82' title='bbox 1558 842 1640 902; x_wconf 87' lang='lat' dir='ltr'>orani</span> <span class='ocrx_word' id='word_1_83' title='bbox 1661 842 1791 917; x_wconf 88' lang='lat' dir='ltr'>poscenti</span> <span class='ocrx_word' id='word_1_84' title='bbox 1813 856 1867 900; x_wconf 90' lang='lat' dir='ltr'>vos</span> <span class='ocrx_word' id='word_1_85' title='bbox 1889 840 1979 900; x_wconf 87' lang='lat' dir='ltr'>ratio·</span> 
     </span>
     <span class='ocr_line' id='line_1_8' title="bbox 224 930 1980 1009; baseline -0.005 -12"><span class='ocrx_word' id='word_1_86' title='bbox 224 942 267 997; x_wconf 91' lang='lat' dir='ltr'>est</span> <span class='ocrx_word' id='word_1_87' title='bbox 283 936 380 996; x_wconf 93' lang='lat' dir='ltr'>bomo.</span> <span class='ocrx_word' id='word_1_88' title='bbox 398 933 453 1005; x_wconf 85' lang='lat' dir='ltr'>Qui</span> <span class='ocrx_word' id='word_1_89' title='bbox 470 933 550 993; x_wconf 91' lang='lat' dir='ltr'>enim</span> <span class='ocrx_word' id='word_1_90' title='bbox 564 948 623 993; x_wconf 91' lang='lat' dir='ltr'>non</span> <span class='ocrx_word' id='word_1_91' title='bbox 638 933 816 1004; x_wconf 85' lang='lat' dir='ltr'>necessitate,</span> <span class='ocrx_word' id='word_1_92' title='bbox 837 935 887 994; x_wconf 89' lang='lat' dir='ltr'>sed</span> <span class='ocrx_word' id='word_1_93' title='bbox 911 934 971 996; x_wconf 89' lang='lat' dir='ltr'>sola</span> <span class='ocrx_word' id='word_1_94' title='bbox 993 935 1080 996; x_wconf 91' lang='lat' dir='ltr'>boni·</span> <span class='ocrx_word' id='word_1_95' title='bbox 1120 949 1187 993; x_wconf 91' lang='lat' dir='ltr'>nem</span> <span class='ocrx_word' id='word_1_96' title='bbox 1208 933 1244 991; x_wconf 90' lang='lat' dir='ltr'>de</span> <span class='ocrx_word' id='word_1_97' title='bbox 1264 948 1297 992; x_wconf 88' lang='lat' dir='ltr'>ea</span> <span class='ocrx_word' id='word_1_98' title='bbox 1314 932 1431 1009; x_wconf 81' lang='lat' dir='ltr'>quein</span> <span class='ocrx_word' id='word_1_99' title='bbox 1450 931 1532 992; x_wconf 91' lang='lat' dir='ltr'>vobis</span> <span class='ocrx_word' id='word_1_100' title='bbox 1554 935 1599 991; x_wconf 91' lang='lat' dir='ltr'>est</span> <span class='ocrx_word' id='word_1_101' title='bbox 1616 946 1666 1005; x_wconf 84' lang='lat' dir='ltr'>spa</span> <span class='ocrx_word' id='word_1_102' title='bbox 1686 931 1709 1004; x_wconf 86' lang='lat' dir='ltr'>(l</span> <span class='ocrx_word' id='word_1_103' title='bbox 1728 935 1802 990; x_wconf 74' lang='lat' dir='ltr'>Patr.</span> <span class='ocrx_word' id='word_1_104' title='bbox 1824 930 1877 1003; x_wconf 90' lang='grc' dir='ltr'><strong>ιιι).</strong></span> <span class='ocrx_word' id='word_1_105' title='bbox 1900 950 1916 983; x_wconf 82' lang='grc' dir='ltr'><strong>ι</strong></span> <span class='ocrx_word' id='word_1_106' title='bbox 1938 931 1980 989; x_wconf 81' lang='lat' dir='ltr'>hc</span> 
     </span>
     <span class='ocr_line' id='line_1_9' title="bbox 227 1019 1979 1098; baseline -0.004 -12"><span class='ocrx_word' id='word_1_107' title='bbox 227 1031 284 1090; x_wconf 88' lang='lat' dir='ltr'>tate</span> <span class='ocrx_word' id='word_1_108' title='bbox 307 1040 362 1085; x_wconf 90' lang='lat' dir='ltr'>nos</span> <span class='ocrx_word' id='word_1_109' title='bbox 385 1023 530 1095; x_wconf 89' lang='lat' dir='ltr'>condidit,</span> <span class='ocrx_word' id='word_1_110' title='bbox 565 1021 679 1096; x_wconf 91' lang='lat' dir='ltr'>propria</span> <span class='ocrx_word' id='word_1_111' title='bbox 709 1019 902 1085; x_wconf 89' lang='lat' dir='ltr'>nibilominus</span> <span class='ocrx_word' id='word_1_112' title='bbox 931 1025 1081 1085; x_wconf 87' lang='lat' dir='ltr'>voluntate</span> <span class='ocrx_word' id='word_1_113' title='bbox 1120 1021 1145 1082; x_wconf 89' lang='lat' dir='ltr'>si</span> <span class='ocrx_word' id='word_1_114' title='bbox 1168 1027 1265 1097; x_wconf 88' lang='lat' dir='ltr'>aperte</span> <span class='ocrx_word' id='word_1_115' title='bbox 1288 1021 1394 1083; x_wconf 88' lang='lat' dir='ltr'>dicat:</span> <span class='ocrx_word' id='word_1_116' title='bbox 1424 1027 1456 1083; x_wconf 90' lang='lat' dir='ltr'>nt</span> <span class='ocrx_word' id='word_1_117' title='bbox 1480 1020 1650 1098; x_wconf 87' lang='lat' dir='ltr'>portandam</span> <span class='ocrx_word' id='word_1_118' title='bbox 1674 1035 1772 1080; x_wconf 82' lang='lat' dir='ltr'>arcam</span> <span class='ocrx_word' id='word_1_119' title='bbox 1791 1020 1876 1080; x_wconf 83' lang='lat' dir='ltr'>nulla</span> <span class='ocrx_word' id='word_1_120' title='bbox 1899 1035 1979 1079; x_wconf 87' lang='lat' dir='ltr'>mora</span> 
     </span>
     <span class='ocr_line' id='line_1_10' title="bbox 226 1109 1978 1191; baseline -0.003 -15"><span class='ocrx_word' id='word_1_121' title='bbox 226 1114 358 1176; x_wconf 86' lang='lat' dir='ltr'>redemit.</span> <span class='ocrx_word' id='word_1_122' title='bbox 384 1113 468 1173; x_wconf 87' lang='lat' dir='ltr'>Unde</span> <span class='ocrx_word' id='word_1_123' title='bbox 494 1118 522 1171; x_wconf 86' lang='lat' dir='ltr'>et</span> <span class='ocrx_word' id='word_1_124' title='bbox 543 1111 667 1172; x_wconf 87' lang='lat' dir='ltr'>lacobus</span> <span class='ocrx_word' id='word_1_125' title='bbox 689 1110 751 1170; x_wconf 85' lang='lat' dir='ltr'>ait:</span> <span class='ocrx_word' id='word_1_126' title='bbox 769 1132 784 1166; x_wconf 75' lang='lat' dir='ltr'>a</span> <span class='ocrx_word' id='word_1_127' title='bbox 802 1111 958 1174; x_wconf 87' lang='lat' dir='ltr'>voluntate</span> <span class='ocrx_word' id='word_1_128' title='bbox 978 1116 1081 1191; x_wconf 89' lang='lat' dir='ltr'>genuit</span> <span class='ocrx_word' id='word_1_129' title='bbox 1120 1110 1289 1188; x_wconf 88' lang='lat' dir='ltr'>prepediat,</span> <span class='ocrx_word' id='word_1_130' title='bbox 1321 1118 1416 1173; x_wconf 89' lang='lat' dir='ltr'>vectes</span> <span class='ocrx_word' id='word_1_131' title='bbox 1443 1128 1461 1172; x_wconf 87' lang='lat' dir='ltr'>a</span> <span class='ocrx_word' id='word_1_132' title='bbox 1487 1110 1605 1171; x_wconf 87' lang='lat' dir='ltr'>circulis</span> <span class='ocrx_word' id='word_1_133' title='bbox 1629 1109 1786 1185; x_wconf 86' lang='lat' dir='ltr'>aliqnando</span> <span class='ocrx_word' id='word_1_134' title='bbox 1816 1125 1877 1170; x_wconf 91' lang='lat' dir='ltr'>non</span> <span class='ocrx_word' id='word_1_135' title='bbox 1902 1125 1978 1170; x_wconf 76' lang='lat' dir='ltr'>rece</span> 
     </span>
     <span class='ocr_line' id='line_1_11' title="bbox 223 1198 1200 1280; baseline -0.006 -15"><span class='ocrx_word' id='word_1_136' title='bbox 223 1219 278 1265; x_wconf 89' lang='lat' dir='ltr'>nos</span> <span class='ocrx_word' id='word_1_137' title='bbox 311 1202 399 1263; x_wconf 88' lang='lat' dir='ltr'>verbo</span> <span class='ocrx_word' id='word_1_138' title='bbox 432 1200 561 1261; x_wconf 89' lang='lat' dir='ltr'>veritatis</span> <span class='ocrx_word' id='word_1_139' title='bbox 594 1204 660 1274; x_wconf 73' lang='lat' dir='ltr'>(loc.</span> <span class='ocrx_word' id='word_1_140' title='bbox 693 1204 723 1269; x_wconf 93' lang='grc' dir='ltr'>ι).</span> <span class='ocrx_word' id='word_1_141' title='bbox 752 1221 767 1254; x_wconf 75' lang='lat' dir='ltr'>n</span> <span class='ocrx_word' id='word_1_142' title='bbox 798 1198 980 1276; x_wconf 87' lang='lat' dir='ltr'>Spoutaoens</span> <span class='ocrx_word' id='word_1_143' title='bbox 1012 1220 1081 1280; x_wconf 89' lang='lat' dir='ltr'>ergo</span> <span class='ocrx_word' id='word_1_144' title='bbox 1120 1200 1200 1260; x_wconf 89' lang='lat' dir='ltr'>dant.</span> 
     </span>
     <span class='ocr_line' id='line_1_12' title="bbox 227 1288 1981 1368; baseline -0.003 -16"><span class='ocrx_word' id='word_1_145' title='bbox 227 1292 321 1352; x_wconf 89' lang='lat' dir='ltr'>factus</span> <span class='ocrx_word' id='word_1_146' title='bbox 336 1296 381 1351; x_wconf 85' lang='lat' dir='ltr'>est</span> <span class='ocrx_word' id='word_1_147' title='bbox 396 1289 496 1368; x_wconf 91' lang='lat' dir='ltr'>populi</span> <span class='ocrx_word' id='word_1_148' title='bbox 518 1288 576 1358; x_wconf 91' lang='lat' dir='ltr'>sni,</span> <span class='ocrx_word' id='word_1_149' title='bbox 589 1288 657 1364; x_wconf 91' lang='lat' dir='ltr'>quia</span> <span class='ocrx_word' id='word_1_150' title='bbox 672 1303 761 1364; x_wconf 89' lang='lat' dir='ltr'>quem</span> <span class='ocrx_word' id='word_1_151' title='bbox 779 1304 797 1347; x_wconf 89' lang='lat' dir='ltr'>a</span> <span class='ocrx_word' id='word_1_152' title='bbox 816 1305 847 1348; x_wconf 89' lang='lat' dir='ltr'>se</span> <span class='ocrx_word' id='word_1_153' title='bbox 865 1291 994 1352; x_wconf 91' lang='lat' dir='ltr'>humana</span> <span class='ocrx_word' id='word_1_154' title='bbox 1012 1308 1079 1368; x_wconf 91' lang='lat' dir='ltr'>pra-</span> <span class='ocrx_word' id='word_1_155' title='bbox 1156 1292 1210 1352; x_wconf 88' lang='lat' dir='ltr'>His</span> <span class='ocrx_word' id='word_1_156' title='bbox 1229 1289 1327 1351; x_wconf 91' lang='lat' dir='ltr'>aureis</span> <span class='ocrx_word' id='word_1_157' title='bbox 1348 1289 1476 1361; x_wconf 90' lang='lat' dir='ltr'>circulis,</span> <span class='ocrx_word' id='word_1_158' title='bbox 1497 1288 1690 1361; x_wconf 77' lang='lat' dir='ltr'>dilectissimi,</span> <span class='ocrx_word' id='word_1_159' title='bbox 1712 1294 1740 1348; x_wconf 90' lang='lat' dir='ltr'>et</span> <span class='ocrx_word' id='word_1_160' title='bbox 1763 1303 1818 1348; x_wconf 83' lang='lat' dir='ltr'>nos</span> <span class='ocrx_word' id='word_1_161' title='bbox 1841 1294 1981 1363; x_wconf 79' lang='lat' dir='ltr'>unqmn</span> 
     </span>
     <span class='ocr_line' id='line_1_13' title="bbox 226 1377 1980 1458; baseline -0.003 -16"><span class='ocrx_word' id='word_1_162' title='bbox 226 1383 302 1446; x_wconf 90' lang='lat' dir='ltr'>vitas</span> <span class='ocrx_word' id='word_1_163' title='bbox 314 1380 429 1458; x_wconf 87' lang='lat' dir='ltr'>repulit,</span> <span class='ocrx_word' id='word_1_164' title='bbox 445 1379 506 1440; x_wconf 90' lang='lat' dir='ltr'>sola</span> <span class='ocrx_word' id='word_1_165' title='bbox 522 1379 658 1440; x_wconf 88' lang='lat' dir='ltr'>voluntas</span> <span class='ocrx_word' id='word_1_166' title='bbox 669 1378 779 1439; x_wconf 83' lang='lat' dir='ltr'>divine</span> <span class='ocrx_word' id='word_1_167' title='bbox 796 1380 897 1455; x_wconf 86' lang='lat' dir='ltr'>gratie</span> <span class='ocrx_word' id='word_1_168' title='bbox 916 1381 1078 1442; x_wconf 78' lang='lat' dir='ltr'>redonavit.</span> <span class='ocrx_word' id='word_1_169' title='bbox 1121 1387 1216 1442; x_wconf 86' lang='lat' dir='ltr'>vectos</span> <span class='ocrx_word' id='word_1_170' title='bbox 1233 1380 1270 1440; x_wconf 92' lang='lat' dir='ltr'>de</span> <span class='ocrx_word' id='word_1_171' title='bbox 1289 1379 1377 1454; x_wconf 89' lang='lat' dir='ltr'>lignis</span> <span class='ocrx_word' id='word_1_172' title='bbox 1396 1377 1510 1440; x_wconf 88' lang='lat' dir='ltr'>Sathivn</span> <span class='ocrx_word' id='word_1_173' title='bbox 1528 1379 1705 1451; x_wconf 82' lang='lat' dir='ltr'>inseramur,</span> <span class='ocrx_word' id='word_1_174' title='bbox 1720 1383 1752 1437; x_wconf 91' lang='lat' dir='ltr'>ut</span> <span class='ocrx_word' id='word_1_175' title='bbox 1771 1377 1863 1452; x_wconf 79' lang='lat' dir='ltr'>troius</span> <span class='ocrx_word' id='word_1_176' title='bbox 1878 1377 1980 1437; x_wconf 76' lang='lat' dir='ltr'>mnndi</span> 
     </span>
     <span class='ocr_line' id='line_1_14' title="bbox 228 1466 1979 1548; baseline -0.003 -17"><span class='ocrx_word' id='word_1_177' title='bbox 228 1469 373 1545; x_wconf 84' lang='lat' dir='ltr'>Quadriga</span> <span class='ocrx_word' id='word_1_178' title='bbox 398 1485 467 1529; x_wconf 90' lang='lat' dir='ltr'>vero</span> <span class='ocrx_word' id='word_1_179' title='bbox 495 1468 659 1528; x_wconf 70' lang='lat' dir='ltr'>aminadab</span> <span class='ocrx_word' id='word_1_180' title='bbox 682 1467 789 1527; x_wconf 83' lang='lat' dir='ltr'>Christi</span> <span class='ocrx_word' id='word_1_181' title='bbox 817 1475 860 1528; x_wconf 91' lang='lat' dir='ltr'>est</span> <span class='ocrx_word' id='word_1_182' title='bbox 887 1470 1081 1548; x_wconf 81' lang='lat' dir='ltr'>Evangelium</span> <span class='ocrx_word' id='word_1_183' title='bbox 1121 1469 1304 1545; x_wconf 79' lang='lat' dir='ltr'>putredinem</span> <span class='ocrx_word' id='word_1_184' title='bbox 1329 1474 1506 1542; x_wconf 76' lang='lat' dir='ltr'>espneates,</span> <span class='ocrx_word' id='word_1_185' title='bbox 1534 1468 1568 1528; x_wconf 89' lang='lat' dir='ltr'>in</span> <span class='ocrx_word' id='word_1_186' title='bbox 1594 1473 1760 1528; x_wconf 71' lang='lat' dir='ltr'>sannorum</span> <span class='ocrx_word' id='word_1_187' title='bbox 1783 1466 1979 1542; x_wconf 82' lang='lat' dir='ltr'>evangelista·</span> 
     </span>
     <span class='ocr_line' id='line_1_15' title="bbox 226 1556 1979 1635; baseline -0.003 -13"><span class='ocrx_word' id='word_1_188' title='bbox 226 1560 451 1623; x_wconf 89' lang='lat' dir='ltr'>concordissima</span> <span class='ocrx_word' id='word_1_189' title='bbox 481 1564 606 1634; x_wconf 88' lang='lat' dir='ltr'>quatuor</span> <span class='ocrx_word' id='word_1_190' title='bbox 635 1559 879 1631; x_wconf 87' lang='lat' dir='ltr'>evangelistarum</span> <span class='ocrx_word' id='word_1_191' title='bbox 914 1561 1082 1622; x_wconf 88' lang='lat' dir='ltr'>diversitate</span> <span class='ocrx_word' id='word_1_192' title='bbox 1122 1575 1190 1621; x_wconf 92' lang='lat' dir='ltr'>rum</span> <span class='ocrx_word' id='word_1_193' title='bbox 1209 1558 1324 1635; x_wconf 86' lang='lat' dir='ltr'>paginis</span> <span class='ocrx_word' id='word_1_194' title='bbox 1339 1558 1448 1634; x_wconf 86' lang='lat' dir='ltr'>jugiter</span> <span class='ocrx_word' id='word_1_195' title='bbox 1464 1558 1667 1618; x_wconf 89' lang='lat' dir='ltr'>immoremur.</span> <span class='ocrx_word' id='word_1_196' title='bbox 1685 1556 1979 1631; x_wconf 76' lang='lat' dir='ltr'>Interceterospre</span> 
     </span>
     <span class='ocr_line' id='line_1_16' title="bbox 227 1644 1982 1724; baseline -0.003 -14"><span class='ocrx_word' id='word_1_197' title='bbox 227 1656 418 1724; x_wconf 89' lang='lat' dir='ltr'>compactum.</span> <span class='ocrx_word' id='word_1_198' title='bbox 433 1647 525 1719; x_wconf 83' lang='lat' dir='ltr'>Quam</span> <span class='ocrx_word' id='word_1_199' title='bbox 546 1662 615 1706; x_wconf 88' lang='lat' dir='ltr'>sane</span> <span class='ocrx_word' id='word_1_200' title='bbox 635 1646 807 1723; x_wconf 85' lang='lat' dir='ltr'>quadrigam</span> <span class='ocrx_word' id='word_1_201' title='bbox 826 1647 958 1709; x_wconf 84' lang='lat' dir='ltr'>Christus</span> <span class='ocrx_word' id='word_1_202' title='bbox 980 1650 1082 1724; x_wconf 88' lang='lat' dir='ltr'>auriga</span> <span class='ocrx_word' id='word_1_203' title='bbox 1124 1655 1199 1707; x_wconf 88' lang='lat' dir='ltr'>terea</span> <span class='ocrx_word' id='word_1_204' title='bbox 1225 1651 1358 1722; x_wconf 89' lang='lat' dir='ltr'>provocat</span> <span class='ocrx_word' id='word_1_205' title='bbox 1386 1649 1439 1706; x_wconf 86' lang='lat' dir='ltr'>nos</span> <span class='ocrx_word' id='word_1_206' title='bbox 1465 1647 1501 1707; x_wconf 87' lang='lat' dir='ltr'>ad</span> <span class='ocrx_word' id='word_1_207' title='bbox 1529 1646 1705 1706; x_wconf 88' lang='lat' dir='ltr'>imitandum</span> <span class='ocrx_word' id='word_1_208' title='bbox 1733 1660 1764 1705; x_wconf 88' lang='lat' dir='ltr'>se</span> <span class='ocrx_word' id='word_1_209' title='bbox 1791 1644 1869 1706; x_wconf 91' lang='lat' dir='ltr'>beati</span> <span class='ocrx_word' id='word_1_210' title='bbox 1895 1645 1982 1722; x_wconf 82' lang='lat' dir='ltr'>hujus</span> 
     </span>
     <span class='ocr_line' id='line_1_17' title="bbox 224 1734 1981 1816; baseline -0.002 -18"><span class='ocrx_word' id='word_1_211' title='bbox 224 1739 360 1816; x_wconf 80' lang='lat' dir='ltr'>disponit,</span> <span class='ocrx_word' id='word_1_212' title='bbox 382 1743 410 1796; x_wconf 89' lang='lat' dir='ltr'>et</span> <span class='ocrx_word' id='word_1_213' title='bbox 427 1734 621 1812; x_wconf 84' lang='lat' dir='ltr'>quadrifidam</span> <span class='ocrx_word' id='word_1_214' title='bbox 643 1737 745 1796; x_wconf 90' lang='lat' dir='ltr'>mundi</span> <span class='ocrx_word' id='word_1_215' title='bbox 767 1738 932 1798; x_wconf 90' lang='lat' dir='ltr'>machinam</span> <span class='ocrx_word' id='word_1_216' title='bbox 952 1737 1083 1812; x_wconf 86' lang='lat' dir='ltr'>agillima</span> <span class='ocrx_word' id='word_1_217' title='bbox 1123 1736 1223 1810; x_wconf 84' lang='lat' dir='ltr'>Marci,</span> <span class='ocrx_word' id='word_1_218' title='bbox 1237 1752 1296 1798; x_wconf 92' lang='lat' dir='ltr'>non</span> <span class='ocrx_word' id='word_1_219' title='bbox 1313 1737 1399 1797; x_wconf 91' lang='lat' dir='ltr'>modo</span> <span class='ocrx_word' id='word_1_220' title='bbox 1411 1744 1510 1797; x_wconf 84' lang='lat' dir='ltr'>sancta</span> <span class='ocrx_word' id='word_1_221' title='bbox 1522 1736 1664 1809; x_wconf 78' lang='lat' dir='ltr'>doctrina,</span> <span class='ocrx_word' id='word_1_222' title='bbox 1683 1735 1733 1796; x_wconf 86' lang='lat' dir='ltr'>sod</span> <span class='ocrx_word' id='word_1_223' title='bbox 1751 1736 1879 1811; x_wconf 82' lang='lat' dir='ltr'>insignis</span> <span class='ocrx_word' id='word_1_224' title='bbox 1897 1737 1981 1796; x_wconf 81' lang='lat' dir='ltr'>etiam</span> 
     </span>
     <span class='ocr_line' id='line_1_18' title="bbox 225 1822 1980 1904; baseline -0.002 -16"><span class='ocrx_word' id='word_1_225' title='bbox 225 1825 438 1904; x_wconf 65' lang='lat' dir='ltr'>predicationis</span> <span class='ocrx_word' id='word_1_226' title='bbox 463 1822 607 1883; x_wconf 87' lang='lat' dir='ltr'>celeritate</span> <span class='ocrx_word' id='word_1_227' title='bbox 634 1825 794 1898; x_wconf 87' lang='lat' dir='ltr'>percurrit,</span> <span class='ocrx_word' id='word_1_228' title='bbox 829 1825 904 1884; x_wconf 91' lang='lat' dir='ltr'>sicut</span> <span class='ocrx_word' id='word_1_229' title='bbox 930 1841 980 1900; x_wconf 92' lang='lat' dir='ltr'>per</span> <span class='ocrx_word' id='word_1_230' title='bbox 1005 1824 1195 1899; x_wconf 75' lang='lat' dir='ltr'>Psoi-grite.</span> <span class='ocrx_word' id='word_1_231' title='bbox 1216 1825 1270 1885; x_wconf 86' lang='lat' dir='ltr'>Gui</span> <span class='ocrx_word' id='word_1_232' title='bbox 1289 1827 1364 1900; x_wconf 93' lang='lat' dir='ltr'>quod</span> <span class='ocrx_word' id='word_1_233' title='bbox 1385 1842 1436 1902; x_wconf 91' lang='lat' dir='ltr'>per</span> <span class='ocrx_word' id='word_1_234' title='bbox 1453 1826 1622 1901; x_wconf 90' lang='lat' dir='ltr'>prophetam</span> <span class='ocrx_word' id='word_1_235' title='bbox 1642 1824 1748 1885; x_wconf 89' lang='lat' dir='ltr'>dicitur</span> <span class='ocrx_word' id='word_1_236' title='bbox 1765 1841 1826 1885; x_wconf 88' lang='lat' dir='ltr'>non</span> <span class='ocrx_word' id='word_1_237' title='bbox 1846 1827 1980 1886; x_wconf 64' lang='lat' dir='ltr'>ihoannes</span> 
     </span>
     <span class='ocr_line' id='line_1_19' title="bbox 230 1912 1979 1990; baseline -0.002 -14"><span class='ocrx_word' id='word_1_238' title='bbox 230 1917 345 1976; x_wconf 88' lang='lat' dir='ltr'>mistam</span> <span class='ocrx_word' id='word_1_239' title='bbox 359 1914 485 1973; x_wconf 92' lang='lat' dir='ltr'>dicitnr:</span> <span class='ocrx_word' id='word_1_240' title='bbox 501 1933 516 1966; x_wconf 75' lang='lat' dir='ltr'>a</span> <span class='ocrx_word' id='word_1_241' title='bbox 530 1912 586 1982; x_wconf 82' lang='lat' dir='ltr'>Qui</span> <span class='ocrx_word' id='word_1_242' title='bbox 601 1913 706 1971; x_wconf 88' lang='lat' dir='ltr'>emittit</span> <span class='ocrx_word' id='word_1_243' title='bbox 722 1913 873 1989; x_wconf 91' lang='lat' dir='ltr'>eloquium</span> <span class='ocrx_word' id='word_1_244' title='bbox 887 1928 973 1973; x_wconf 95' lang='lat' dir='ltr'>suum</span> <span class='ocrx_word' id='word_1_245' title='bbox 988 1919 1083 1985; x_wconf 85' lang='lat' dir='ltr'>terre,</span> <span class='ocrx_word' id='word_1_246' title='bbox 1126 1915 1241 1975; x_wconf 89' lang='lat' dir='ltr'>nienter</span> <span class='ocrx_word' id='word_1_247' title='bbox 1266 1922 1379 1990; x_wconf 89' lang='lat' dir='ltr'>aptatur</span> <span class='ocrx_word' id='word_1_248' title='bbox 1395 1934 1401 1974; x_wconf 95' lang='lat'><strong>:</strong></span> <span class='ocrx_word' id='word_1_249' title='bbox 1421 1914 1577 1987; x_wconf 73' lang='lat' dir='ltr'>«Primus,</span> <span class='ocrx_word' id='word_1_250' title='bbox 1605 1915 1711 1990; x_wconf 89' lang='lat' dir='ltr'>inquit,</span> <span class='ocrx_word' id='word_1_251' title='bbox 1736 1914 1773 1974; x_wconf 87' lang='lat' dir='ltr'>ad</span> <span class='ocrx_word' id='word_1_252' title='bbox 1796 1913 1870 1976; x_wconf 88' lang='lat' dir='ltr'>Sion</span> <span class='ocrx_word' id='word_1_253' title='bbox 1891 1914 1979 1974; x_wconf 78' lang='lat' dir='ltr'>dimi:</span> 
     </span>
     <span class='ocr_line' id='line_1_20' title="bbox 231 2003 1979 2081; baseline -0.005 -12"><span class='ocrx_word' id='word_1_254' title='bbox 231 2007 367 2069; x_wconf 89' lang='lat' dir='ltr'>velociter</span> <span class='ocrx_word' id='word_1_255' title='bbox 379 2003 471 2064; x_wconf 91' lang='lat' dir='ltr'>currit</span> <span class='ocrx_word' id='word_1_256' title='bbox 484 2018 579 2062; x_wconf 89' lang='lat' dir='ltr'>sermo</span> <span class='ocrx_word' id='word_1_257' title='bbox 593 2003 657 2077; x_wconf 87' lang='lat' dir='ltr'>ejus</span> <span class='ocrx_word' id='word_1_258' title='bbox 669 2007 754 2072; x_wconf 79' lang='lat' dir='ltr'>lPsol.</span> <span class='ocrx_word' id='word_1_259' title='bbox 771 2009 896 2075; x_wconf 76' lang='lat' dir='ltr'>cxcvii).</span> <span class='ocrx_word' id='word_1_260' title='bbox 915 2025 929 2058; x_wconf 79' lang='lat' dir='ltr'>s</span> <span class='ocrx_word' id='word_1_261' title='bbox 1125 2005 1198 2066; x_wconf 87' lang='lat' dir='ltr'>Ecce</span> <span class='ocrx_word' id='word_1_262' title='bbox 1218 2006 1332 2080; x_wconf 90' lang='lat' dir='ltr'>adsum,</span> <span class='ocrx_word' id='word_1_263' title='bbox 1348 2012 1377 2065; x_wconf 91' lang='lat' dir='ltr'>et</span> <span class='ocrx_word' id='word_1_264' title='bbox 1391 2005 1577 2067; x_wconf 88' lang='lat' dir='ltr'>Hierusalem</span> <span class='ocrx_word' id='word_1_265' title='bbox 1599 2005 1805 2081; x_wconf 87' lang='lat' dir='ltr'>evangelistam</span> <span class='ocrx_word' id='word_1_266' title='bbox 1822 2004 1901 2065; x_wconf 90' lang='lat' dir='ltr'>dabo</span> <span class='ocrx_word' id='word_1_267' title='bbox 1912 2008 1979 2078; x_wconf 79' lang='lat' dir='ltr'>litat.</span> 
     </span>
     <span class='ocr_line' id='line_1_21' title="bbox 263 2092 1981 2171; baseline 0.001 -17"><span class='ocrx_word' id='word_1_268' title='bbox 263 2096 373 2157; x_wconf 91' lang='lat' dir='ltr'>Vidons</span> <span class='ocrx_word' id='word_1_269' title='bbox 394 2109 462 2168; x_wconf 89' lang='lat' dir='ltr'>ergo</span> <span class='ocrx_word' id='word_1_270' title='bbox 491 2092 642 2168; x_wconf 73' lang='lat' dir='ltr'>Synagoga</span> <span class='ocrx_word' id='word_1_271' title='bbox 667 2101 784 2167; x_wconf 88' lang='lat' dir='ltr'>repente</span> <span class='ocrx_word' id='word_1_272' title='bbox 808 2094 931 2167; x_wconf 87' lang='lat' dir='ltr'>gratiam</span> <span class='ocrx_word' id='word_1_273' title='bbox 957 2109 1084 2167; x_wconf 87' lang='lat' dir='ltr'>evange-</span> <span class='ocrx_word' id='word_1_274' title='bbox 1126 2098 1194 2171; x_wconf 78' lang='grc' dir='ltr'><strong>ιιι).</strong></span> <span class='ocrx_word' id='word_1_275' title='bbox 1211 2118 1226 2152; x_wconf 80' lang='grc' dir='ltr'><strong>ι</strong></span> <span class='ocrx_word' id='word_1_276' title='bbox 1243 2096 1299 2168; x_wconf 85' lang='lat' dir='ltr'>Qui</span> <span class='ocrx_word' id='word_1_277' title='bbox 1319 2096 1460 2156; x_wconf 89' lang='lat' dir='ltr'>nimirum</span> <span class='ocrx_word' id='word_1_278' title='bbox 1475 2111 1543 2155; x_wconf 88' lang='lat' dir='ltr'>vero</span> <span class='ocrx_word' id='word_1_279' title='bbox 1555 2111 1663 2156; x_wconf 89' lang='lat' dir='ltr'>aureus</span> <span class='ocrx_word' id='word_1_280' title='bbox 1678 2096 1734 2155; x_wconf 89' lang='lat' dir='ltr'>luit</span> <span class='ocrx_word' id='word_1_281' title='bbox 1748 2095 1890 2168; x_wconf 60' lang='lat' dir='ltr'>circulm</span> <span class='ocrx_word' id='word_1_282' title='bbox 1905 2095 1981 2169; x_wconf 81' lang='lat' dir='ltr'>qaia,</span> 
     </span>
     <span class='ocr_line' id='line_1_22' title="bbox 229 2179 1981 2263; baseline -0.003 -17"><span class='ocrx_word' id='word_1_283' title='bbox 229 2188 293 2249; x_wconf 86' lang='lat' dir='ltr'>lice</span> <span class='ocrx_word' id='word_1_284' title='bbox 309 2185 522 2263; x_wconf 64' lang='lat' dir='ltr'>predicationis</span> <span class='ocrx_word' id='word_1_285' title='bbox 537 2199 689 2258; x_wconf 89' lang='lat' dir='ltr'>erumpere</span> <span class='ocrx_word' id='word_1_286' title='bbox 702 2191 878 2260; x_wconf 87' lang='lat' dir='ltr'>cunctasque</span> <span class='ocrx_word' id='word_1_287' title='bbox 897 2186 999 2245; x_wconf 90' lang='lat' dir='ltr'>mundi</span> <span class='ocrx_word' id='word_1_288' title='bbox 1022 2201 1086 2260; x_wconf 74' lang='lat' dir='ltr'>pro</span> <span class='ocrx_word' id='word_1_289' title='bbox 1125 2185 1206 2256; x_wconf 95' lang='lat' dir='ltr'>dum,</span> <span class='ocrx_word' id='word_1_290' title='bbox 1234 2201 1286 2260; x_wconf 93' lang='lat' dir='ltr'>per</span> <span class='ocrx_word' id='word_1_291' title='bbox 1309 2183 1522 2260; x_wconf 75' lang='lat' dir='ltr'>predicationis</span> <span class='ocrx_word' id='word_1_292' title='bbox 1543 2183 1673 2245; x_wconf 86' lang='lat' dir='ltr'>officium</span> <span class='ocrx_word' id='word_1_293' title='bbox 1701 2179 1770 2259; x_wconf 79' lang='lat' dir='ltr'>que</span> <span class='ocrx_word' id='word_1_294' title='bbox 1795 2189 1896 2243; x_wconf 71' lang='lat' dir='ltr'>encta</span> <span class='ocrx_word' id='word_1_295' title='bbox 1920 2189 1981 2241; x_wconf 88' lang='lat' dir='ltr'>sunt</span> 
     </span>
     <span class='ocr_line' id='line_1_23' title="bbox 229 2271 1982 2348; baseline -0.005 -11"><span class='ocrx_word' id='word_1_296' title='bbox 229 2276 340 2337; x_wconf 89' lang='lat' dir='ltr'>vincias</span> <span class='ocrx_word' id='word_1_297' title='bbox 361 2274 475 2348; x_wconf 89' lang='lat' dir='ltr'>agiliter</span> <span class='ocrx_word' id='word_1_298' title='bbox 499 2273 655 2347; x_wconf 90' lang='lat' dir='ltr'>pervolare,</span> <span class='ocrx_word' id='word_1_299' title='bbox 686 2274 783 2334; x_wconf 90' lang='lat' dir='ltr'>subito</span> <span class='ocrx_word' id='word_1_300' title='bbox 809 2275 921 2334; x_wconf 89' lang='lat' dir='ltr'>turbata</span> <span class='ocrx_word' id='word_1_301' title='bbox 946 2273 990 2330; x_wconf 78' lang='lat'>71</span> <span class='ocrx_word' id='word_1_302' title='bbox 1015 2290 1084 2333; x_wconf 92' lang='lat' dir='ltr'>con-</span> <span class='ocrx_word' id='word_1_303' title='bbox 1125 2273 1233 2344; x_wconf 91' lang='lat' dir='ltr'>docuit,</span> <span class='ocrx_word' id='word_1_304' title='bbox 1262 2273 1443 2347; x_wconf 91' lang='lat' dir='ltr'>splendentis</span> <span class='ocrx_word' id='word_1_305' title='bbox 1459 2273 1547 2333; x_wconf 90' lang='lat' dir='ltr'>etiam</span> <span class='ocrx_word' id='word_1_306' title='bbox 1566 2273 1635 2334; x_wconf 89' lang='lat' dir='ltr'>vite</span> <span class='ocrx_word' id='word_1_307' title='bbox 1656 2271 1787 2333; x_wconf 88' lang='lat' dir='ltr'>moribus</span> <span class='ocrx_word' id='word_1_308' title='bbox 1806 2271 1941 2338; x_wconf 87' lang='lat' dir='ltr'>radiavit,</span> <span class='ocrx_word' id='word_1_309' title='bbox 1957 2279 1982 2329; x_wconf 89' lang='lat' dir='ltr'>et</span> 
     </span>
     <span class='ocr_line' id='line_1_24' title="bbox 228 2360 1982 2443; baseline -0.003 -18"><span class='ocrx_word' id='word_1_310' title='bbox 228 2365 360 2443; x_wconf 87' lang='lat' dir='ltr'>queritur</span> <span class='ocrx_word' id='word_1_311' title='bbox 382 2363 460 2438; x_wconf 94' lang='lat' dir='ltr'>quod</span> <span class='ocrx_word' id='word_1_312' title='bbox 488 2362 548 2422; x_wconf 88' lang='lat' dir='ltr'>sola</span> <span class='ocrx_word' id='word_1_313' title='bbox 574 2363 605 2421; x_wconf 91' lang='lat' dir='ltr'>in</span> <span class='ocrx_word' id='word_1_314' title='bbox 632 2378 684 2421; x_wconf 90' lang='lat' dir='ltr'>sua</span> <span class='ocrx_word' id='word_1_315' title='bbox 710 2362 849 2436; x_wconf 78' lang='lat' dir='ltr'>perfidia,</span> <span class='ocrx_word' id='word_1_316' title='bbox 877 2363 1026 2423; x_wconf 90' lang='lat' dir='ltr'>conversis</span> <span class='ocrx_word' id='word_1_317' title='bbox 1049 2362 1086 2422; x_wconf 89' lang='lat' dir='ltr'>ad</span> <span class='ocrx_word' id='word_1_318' title='bbox 1127 2368 1266 2438; x_wconf 84' lang='lat' dir='ltr'>tanquam</span> <span class='ocrx_word' id='word_1_319' title='bbox 1285 2362 1375 2422; x_wconf 88' lang='lat' dir='ltr'>vectis</span> <span class='ocrx_word' id='word_1_320' title='bbox 1393 2377 1432 2421; x_wconf 81' lang='lat' dir='ltr'>ex</span> <span class='ocrx_word' id='word_1_321' title='bbox 1453 2362 1532 2438; x_wconf 89' lang='lat' dir='ltr'>ligno</span> <span class='ocrx_word' id='word_1_322' title='bbox 1551 2360 1663 2422; x_wconf 90' lang='lat' dir='ltr'>Selhim</span> <span class='ocrx_word' id='word_1_323' title='bbox 1682 2360 1858 2436; x_wconf 86' lang='lat' dir='ltr'>contempsit</span> <span class='ocrx_word' id='word_1_324' title='bbox 1875 2367 1982 2420; x_wconf 81' lang='lat' dir='ltr'>terrena</span> 
     </span>
     <span class='ocr_line' id='line_1_25' title="bbox 230 2451 1982 2530; baseline -0.004 -13"><span class='ocrx_word' id='word_1_325' title='bbox 230 2457 317 2517; x_wconf 83' lang='lat' dir='ltr'>fidem</span> <span class='ocrx_word' id='word_1_326' title='bbox 331 2453 477 2530; x_wconf 87' lang='lat' dir='ltr'>gentibus,</span> <span class='ocrx_word' id='word_1_327' title='bbox 491 2454 640 2513; x_wconf 86' lang='lat' dir='ltr'>deseratur</span> <span class='ocrx_word' id='word_1_328' title='bbox 654 2476 661 2512; x_wconf 87' lang='lat'>:</span> <span class='ocrx_word' id='word_1_329' title='bbox 680 2475 694 2508; x_wconf 79' lang='lat' dir='ltr'>a</span> <span class='ocrx_word' id='word_1_330' title='bbox 710 2454 834 2525; x_wconf 88' lang='lat' dir='ltr'>Nescivi,</span> <span class='ocrx_word' id='word_1_331' title='bbox 853 2453 999 2530; x_wconf 90' lang='lat' dir='ltr'>inquiens,</span> <span class='ocrx_word' id='word_1_332' title='bbox 1015 2470 1086 2514; x_wconf 93' lang='lat' dir='ltr'>con·</span> <span class='ocrx_word' id='word_1_333' title='bbox 1128 2452 1237 2524; x_wconf 88' lang='lat' dir='ltr'>omnia,</span> <span class='ocrx_word' id='word_1_334' title='bbox 1251 2466 1319 2528; x_wconf 89' lang='lat' dir='ltr'>que</span> <span class='ocrx_word' id='word_1_335' title='bbox 1330 2458 1500 2527; x_wconf 89' lang='lat' dir='ltr'>putrescunt</span> <span class='ocrx_word' id='word_1_336' title='bbox 1512 2471 1519 2522; x_wconf 94' lang='lat'>;</span> <span class='ocrx_word' id='word_1_337' title='bbox 1532 2452 1659 2512; x_wconf 90' lang='lat' dir='ltr'>coelestia</span> <span class='ocrx_word' id='word_1_338' title='bbox 1673 2451 1765 2528; x_wconf 89' lang='lat' dir='ltr'>petiit,</span> <span class='ocrx_word' id='word_1_339' title='bbox 1778 2468 1850 2526; x_wconf 85' lang='lat' dir='ltr'>que</span> <span class='ocrx_word' id='word_1_340' title='bbox 1863 2465 1982 2510; x_wconf 82' lang='lat' dir='ltr'>marces·</span> 
     </span>
     <span class='ocr_line' id='line_1_26' title="bbox 231 2539 1984 2620; baseline -0.006 -12"><span class='ocrx_word' id='word_1_341' title='bbox 231 2548 358 2610; x_wconf 89' lang='lat' dir='ltr'>turbavit</span> <span class='ocrx_word' id='word_1_342' title='bbox 380 2561 427 2605; x_wconf 91' lang='lat' dir='ltr'>me</span> <span class='ocrx_word' id='word_1_343' title='bbox 445 2545 545 2604; x_wconf 88' lang='lat' dir='ltr'>anima</span> <span class='ocrx_word' id='word_1_344' title='bbox 567 2559 631 2603; x_wconf 91' lang='lat' dir='ltr'>mea</span> <span class='ocrx_word' id='word_1_345' title='bbox 654 2552 768 2620; x_wconf 90' lang='lat' dir='ltr'>propter</span> <span class='ocrx_word' id='word_1_346' title='bbox 787 2545 942 2620; x_wconf 87' lang='lat' dir='ltr'>quadrigas</span> <span class='ocrx_word' id='word_1_347' title='bbox 963 2543 1087 2604; x_wconf 80' lang='lat' dir='ltr'>Amina-</span> <span class='ocrx_word' id='word_1_348' title='bbox 1126 2557 1191 2602; x_wconf 90' lang='lat' dir='ltr'>cere</span> <span class='ocrx_word' id='word_1_349' title='bbox 1213 2539 1357 2601; x_wconf 88' lang='lat' dir='ltr'>nesciunt.</span> <span class='ocrx_word' id='word_1_350' title='bbox 1378 2541 1432 2602; x_wconf 87' lang='lat' dir='ltr'>Per</span> <span class='ocrx_word' id='word_1_351' title='bbox 1452 2542 1702 2604; x_wconf 86' lang='lat' dir='ltr'>obtruncationem</span> <span class='ocrx_word' id='word_1_352' title='bbox 1723 2541 1849 2602; x_wconf 82' lang='lat' dir='ltr'>membri</span> <span class='ocrx_word' id='word_1_353' title='bbox 1870 2539 1984 2601; x_wconf 71' lang='lat' dir='ltr'>feodavit</span> 
     </span>
     <span class='ocr_line' id='line_1_27' title="bbox 231 2630 1985 2707; baseline -0.002 -14"><span class='ocrx_word' id='word_1_354' title='bbox 231 2634 297 2695; x_wconf 89' lang='lat' dir='ltr'>dab.</span> <span class='ocrx_word' id='word_1_355' title='bbox 330 2656 344 2688; x_wconf 73' lang='lat' dir='ltr'>a</span> <span class='ocrx_word' id='word_1_356' title='bbox 377 2633 461 2691; x_wconf 86' lang='lat' dir='ltr'>Hanc</span> <span class='ocrx_word' id='word_1_357' title='bbox 501 2630 687 2706; x_wconf 86' lang='lat' dir='ltr'>quadrifarie</span> <span class='ocrx_word' id='word_1_358' title='bbox 721 2632 934 2707; x_wconf 70' lang='lat' dir='ltr'>predicationis</span> <span class='ocrx_word' id='word_1_359' title='bbox 965 2631 1088 2706; x_wconf 87' lang='lat' dir='ltr'>gratiam</span> <span class='ocrx_word' id='word_1_360' title='bbox 1127 2632 1255 2707; x_wconf 91' lang='lat' dir='ltr'>corporis</span> <span class='ocrx_word' id='word_1_361' title='bbox 1276 2630 1415 2706; x_wconf 90' lang='lat' dir='ltr'>speciem,</span> <span class='ocrx_word' id='word_1_362' title='bbox 1432 2649 1471 2692; x_wconf 91' lang='lat' dir='ltr'>ne</span> <span class='ocrx_word' id='word_1_363' title='bbox 1487 2640 1587 2692; x_wconf 90' lang='lat' dir='ltr'>contra</span> <span class='ocrx_word' id='word_1_364' title='bbox 1601 2632 1736 2692; x_wconf 72' lang='lat' dir='ltr'>Ecclesia</span> <span class='ocrx_word' id='word_1_365' title='bbox 1750 2630 1883 2706; x_wconf 83' lang='lat' dir='ltr'>regulam</span> <span class='ocrx_word' id='word_1_366' title='bbox 1899 2630 1985 2690; x_wconf 82' lang='lat' dir='ltr'>eccle·</span> 
     </span>
     <span class='ocr_line' id='line_1_28' title="bbox 232 2718 1987 2798; baseline -0.004 -14"><span class='ocrx_word' id='word_1_367' title='bbox 232 2724 375 2784; x_wconf 75' lang='lat' dir='ltr'>Domirue</span> <span class='ocrx_word' id='word_1_368' title='bbox 392 2722 538 2797; x_wconf 84' lang='lat' dir='ltr'>figuravit,</span> <span class='ocrx_word' id='word_1_369' title='bbox 558 2736 627 2780; x_wconf 93' lang='lat' dir='ltr'>cum</span> <span class='ocrx_word' id='word_1_370' title='bbox 649 2721 742 2798; x_wconf 77' lang='lat' dir='ltr'>Moysi</span> <span class='ocrx_word' id='word_1_371' title='bbox 763 2723 799 2781; x_wconf 91' lang='lat' dir='ltr'>de</span> <span class='ocrx_word' id='word_1_372' title='bbox 814 2722 1086 2797; x_wconf 88' lang='lat' dir='ltr'>portandaasacer·</span> <span class='ocrx_word' id='word_1_373' title='bbox 1128 2721 1273 2780; x_wconf 87' lang='lat' dir='ltr'>siasticam</span> <span class='ocrx_word' id='word_1_374' title='bbox 1305 2721 1509 2781; x_wconf 87' lang='lat' dir='ltr'>conscenderet</span> <span class='ocrx_word' id='word_1_375' title='bbox 1533 2721 1712 2796; x_wconf 85' lang='lat' dir='ltr'>dignitatem.</span> <span class='ocrx_word' id='word_1_376' title='bbox 1743 2718 1801 2781; x_wconf 86' lang='lat' dir='ltr'>Sed</span> <span class='ocrx_word' id='word_1_377' title='bbox 1833 2718 1987 2795; x_wconf 85' lang='lat' dir='ltr'>quoditie</span> 
     </span>
     <span class='ocr_line' id='line_1_29' title="bbox 230 2809 1985 2888; baseline -0.002 -15"><span class='ocrx_word' id='word_1_378' title='bbox 230 2813 347 2873; x_wconf 88' lang='lat' dir='ltr'>dotibus</span> <span class='ocrx_word' id='word_1_379' title='bbox 373 2826 439 2872; x_wconf 89' lang='lat' dir='ltr'>arca</span> <span class='ocrx_word' id='word_1_380' title='bbox 463 2811 599 2886; x_wconf 86' lang='lat' dir='ltr'>precepit</span> <span class='ocrx_word' id='word_1_381' title='bbox 623 2834 630 2868; x_wconf 72' lang='grc' dir='ltr'><strong><em>ε</em></strong></span> <span class='ocrx_word' id='word_1_382' title='bbox 657 2810 804 2882; x_wconf 80' lang='lat' dir='ltr'>«Facies,</span> <span class='ocrx_word' id='word_1_383' title='bbox 830 2811 937 2886; x_wconf 91' lang='lat' dir='ltr'>inquit,</span> <span class='ocrx_word' id='word_1_384' title='bbox 965 2816 1090 2886; x_wconf 90' lang='lat' dir='ltr'>quatuor</span> <span class='ocrx_word' id='word_1_385' title='bbox 1128 2812 1241 2888; x_wconf 88' lang='lat' dir='ltr'>putavit</span> <span class='ocrx_word' id='word_1_386' title='bbox 1267 2811 1463 2887; x_wconf 88' lang='lat' dir='ltr'>patrocinium</span> <span class='ocrx_word' id='word_1_387' title='bbox 1490 2809 1538 2868; x_wconf 77' lang='lat'>⁷2</span> <span class='ocrx_word' id='word_1_388' title='bbox 1563 2812 1651 2885; x_wconf 85' lang='lat' dir='ltr'>fuge,</span> <span class='ocrx_word' id='word_1_389' title='bbox 1673 2811 1794 2888; x_wconf 87' lang='lat' dir='ltr'>profecit</span> <span class='ocrx_word' id='word_1_390' title='bbox 1815 2810 1850 2872; x_wconf 90' lang='lat' dir='ltr'>in</span> <span class='ocrx_word' id='word_1_391' title='bbox 1871 2810 1985 2870; x_wconf 77' lang='lat' dir='ltr'>titulran</span> 
     </span>
     <span class='ocr_line' id='line_1_30' title="bbox 231 2898 1987 2976; baseline -0.003 -13"><span class='ocrx_word' id='word_1_392' title='bbox 231 2903 356 2963; x_wconf 81' lang='lat' dir='ltr'>circulm</span> <span class='ocrx_word' id='word_1_393' title='bbox 376 2917 490 2973; x_wconf 90' lang='lat' dir='ltr'>aureos,</span> <span class='ocrx_word' id='word_1_394' title='bbox 513 2915 585 2976; x_wconf 90' lang='lat' dir='ltr'>quos</span> <span class='ocrx_word' id='word_1_395' title='bbox 608 2913 697 2975; x_wconf 86' lang='lat' dir='ltr'>pones</span> <span class='ocrx_word' id='word_1_396' title='bbox 718 2915 769 2973; x_wconf 89' lang='lat' dir='ltr'>per</span> <span class='ocrx_word' id='word_1_397' title='bbox 791 2909 915 2975; x_wconf 89' lang='lat' dir='ltr'>quatuor</span> <span class='ocrx_word' id='word_1_398' title='bbox 936 2915 1012 2960; x_wconf 85' lang='lat' dir='ltr'>arce</span> <span class='ocrx_word' id='word_1_399' title='bbox 1033 2916 1089 2959; x_wconf 88' lang='lat' dir='ltr'>an·</span> <span class='ocrx_word' id='word_1_400' title='bbox 1129 2900 1240 2974; x_wconf 90' lang='lat' dir='ltr'>glorie.</span> <span class='ocrx_word' id='word_1_401' title='bbox 1275 2900 1349 2971; x_wconf 85' lang='lat' dir='ltr'>Nam</span> <span class='ocrx_word' id='word_1_402' title='bbox 1375 2900 1454 2961; x_wconf 90' lang='lat' dir='ltr'>unde</span> <span class='ocrx_word' id='word_1_403' title='bbox 1479 2916 1510 2960; x_wconf 91' lang='lat' dir='ltr'>se</span> <span class='ocrx_word' id='word_1_404' title='bbox 1537 2899 1693 2975; x_wconf 88' lang='lat' dir='ltr'>indiguum</span> <span class='ocrx_word' id='word_1_405' title='bbox 1717 2898 1852 2967; x_wconf 86' lang='lat' dir='ltr'>reddidit,</span> <span class='ocrx_word' id='word_1_406' title='bbox 1877 2898 1987 2974; x_wconf 86' lang='lat' dir='ltr'>dignior</span> 
     </span>
     <span class='ocr_line' id='line_1_31' title="bbox 231 2988 1986 3067; baseline -0.003 -16"><span class='ocrx_word' id='word_1_407' title='bbox 231 2993 333 3066; x_wconf 86' lang='lat' dir='ltr'>gulos;</span> <span class='ocrx_word' id='word_1_408' title='bbox 356 2990 502 3067; x_wconf 82' lang='lat' dir='ltr'>faciesque</span> <span class='ocrx_word' id='word_1_409' title='bbox 518 2998 612 3058; x_wconf 89' lang='lat' dir='ltr'>vectes</span> <span class='ocrx_word' id='word_1_410' title='bbox 628 2989 665 3048; x_wconf 89' lang='lat' dir='ltr'>de</span> <span class='ocrx_word' id='word_1_411' title='bbox 684 2991 772 3066; x_wconf 91' lang='lat' dir='ltr'>lignis</span> <span class='ocrx_word' id='word_1_412' title='bbox 790 2989 911 3062; x_wconf 90' lang='lat' dir='ltr'>Sethim,</span> <span class='ocrx_word' id='word_1_413' title='bbox 933 2996 962 3049; x_wconf 92' lang='lat' dir='ltr'>et</span> <span class='ocrx_word' id='word_1_414' title='bbox 976 2988 1089 3066; x_wconf 90' lang='lat' dir='ltr'>operies</span> <span class='ocrx_word' id='word_1_415' title='bbox 1131 2989 1202 3061; x_wconf 91' lang='lat' dir='ltr'>fuit;</span> <span class='ocrx_word' id='word_1_416' title='bbox 1231 2996 1260 3049; x_wconf 91' lang='lat' dir='ltr'>et</span> <span class='ocrx_word' id='word_1_417' title='bbox 1281 2989 1361 3064; x_wconf 90' lang='lat' dir='ltr'>quod</span> <span class='ocrx_word' id='word_1_418' title='bbox 1386 2989 1524 3066; x_wconf 76' lang='lat' dir='ltr'>fugiebat,</span> <span class='ocrx_word' id='word_1_419' title='bbox 1548 2996 1663 3050; x_wconf 89' lang='lat' dir='ltr'>coactus</span> <span class='ocrx_word' id='word_1_420' title='bbox 1685 2989 1819 3050; x_wconf 74' lang='lat' dir='ltr'>inerant.</span> <span class='ocrx_word' id='word_1_421' title='bbox 1843 2988 1928 3048; x_wconf 77' lang='lat' dir='ltr'>licata</span> <span class='ocrx_word' id='word_1_422' title='bbox 1948 3001 1986 3056; x_wconf 88' lang='lat' dir='ltr'>es,</span> 
     </span>
     <span class='ocr_line' id='line_1_32' title="bbox 231 3078 1986 3158; baseline -0.001 -17"><span class='ocrx_word' id='word_1_423' title='bbox 231 3096 313 3148; x_wconf 87' lang='lat' dir='ltr'>auro,</span> <span class='ocrx_word' id='word_1_424' title='bbox 338 3079 518 3157; x_wconf 86' lang='lat' dir='ltr'>inducesque</span> <span class='ocrx_word' id='word_1_425' title='bbox 544 3097 596 3155; x_wconf 86' lang='lat' dir='ltr'>per</span> <span class='ocrx_word' id='word_1_426' title='bbox 622 3081 755 3154; x_wconf 87' lang='lat' dir='ltr'>circulos,</span> <span class='ocrx_word' id='word_1_427' title='bbox 780 3080 833 3158; x_wconf 94' lang='lat' dir='ltr'>qni</span> <span class='ocrx_word' id='word_1_428' title='bbox 862 3085 930 3140; x_wconf 90' lang='lat' dir='ltr'>sunt</span> <span class='ocrx_word' id='word_1_429' title='bbox 955 3079 988 3138; x_wconf 93' lang='lat' dir='ltr'>in</span> <span class='ocrx_word' id='word_1_430' title='bbox 1013 3093 1090 3138; x_wconf 85' lang='lat' dir='ltr'>arce</span> <span class='ocrx_word' id='word_1_431' title='bbox 1130 3095 1147 3138; x_wconf 93' lang='lat' dir='ltr'>o</span> <span class='ocrx_word' id='word_1_432' title='bbox 1173 3078 1361 3152; x_wconf 78' lang='lat' dir='ltr'>Alexandria,</span> <span class='ocrx_word' id='word_1_433' title='bbox 1393 3078 1565 3154; x_wconf 88' lang='lat' dir='ltr'>triumphali</span> <span class='ocrx_word' id='word_1_434' title='bbox 1587 3078 1736 3154; x_wconf 90' lang='lat' dir='ltr'>apostolici</span> <span class='ocrx_word' id='word_1_435' title='bbox 1760 3079 1898 3155; x_wconf 73' lang='lat' dir='ltr'>martyris</span> <span class='ocrx_word' id='word_1_436' title='bbox 1922 3093 1986 3139; x_wconf 84' lang='lat' dir='ltr'>san·</span> 
     </span>
     <span class='ocr_line' id='line_1_33' title="bbox 231 3162 1984 3257; baseline -0.002 -27"><span class='ocrx_word' id='word_1_437' title='bbox 231 3162 382 3238; x_wconf 86' lang='lat' dir='ltr'>lateribus,</span> <span class='ocrx_word' id='word_1_438' title='bbox 404 3176 437 3230; x_wconf 91' lang='lat' dir='ltr'>ut</span> <span class='ocrx_word' id='word_1_439' title='bbox 461 3179 589 3246; x_wconf 89' lang='lat' dir='ltr'>portetur</span> <span class='ocrx_word' id='word_1_440' title='bbox 611 3171 643 3230; x_wconf 91' lang='lat' dir='ltr'>in</span> <span class='ocrx_word' id='word_1_441' title='bbox 665 3171 717 3244; x_wconf 92' lang='lat' dir='ltr'>eis,</span> <span class='ocrx_word' id='word_1_442' title='bbox 743 3170 795 3247; x_wconf 76' lang='lat' dir='ltr'>iqui</span> <span class='ocrx_word' id='word_1_443' title='bbox 818 3185 930 3245; x_wconf 90' lang='lat' dir='ltr'>semper</span> <span class='ocrx_word' id='word_1_444' title='bbox 949 3174 1035 3228; x_wconf 90' lang='lat' dir='ltr'>erunt</span> <span class='ocrx_word' id='word_1_445' title='bbox 1057 3167 1221 3257; x_wconf 70' lang='lat' dir='ltr'>incguine</span> <span class='ocrx_word' id='word_1_446' title='bbox 1244 3171 1413 3243; x_wconf 83' lang='lat' dir='ltr'>purpurata.</span> <span class='ocrx_word' id='word_1_447' title='bbox 1436 3165 1521 3226; x_wconf 81' lang='lat' dir='ltr'>Felix</span> <span class='ocrx_word' id='word_1_448' title='bbox 1541 3173 1569 3228; x_wconf 91' lang='lat' dir='ltr'>et</span> <span class='ocrx_word' id='word_1_449' title='bbox 1594 3175 1635 3239; x_wconf 92' lang='lat' dir='ltr'>tu,</span> <span class='ocrx_word' id='word_1_450' title='bbox 1651 3165 1745 3239; x_wconf 85' lang='lat' dir='ltr'>Italia,</span> <span class='ocrx_word' id='word_1_451' title='bbox 1759 3175 1788 3229; x_wconf 88' lang='lat' dir='ltr'>et</span> <span class='ocrx_word' id='word_1_452' title='bbox 1808 3167 1923 3227; x_wconf 87' lang='lat' dir='ltr'>dudum</span> <span class='ocrx_word' id='word_1_453' title='bbox 1936 3166 1984 3226; x_wconf 89' lang='lat' dir='ltr'>sci·</span> 
     </span>
     <span class='ocr_line' id='line_1_34' title="bbox 231 3255 1986 3336; baseline -0.002 -17"><span class='ocrx_word' id='word_1_454' title='bbox 231 3259 367 3329; x_wconf 90' lang='lat' dir='ltr'>circulis,</span> <span class='ocrx_word' id='word_1_455' title='bbox 397 3267 426 3318; x_wconf 90' lang='lat' dir='ltr'>et</span> <span class='ocrx_word' id='word_1_456' title='bbox 452 3275 604 3336; x_wconf 89' lang='lat' dir='ltr'>nunquam</span> <span class='ocrx_word' id='word_1_457' title='bbox 629 3260 820 3320; x_wconf 76' lang='lat' dir='ltr'>extrahentur</span> <span class='ocrx_word' id='word_1_458' title='bbox 850 3259 887 3319; x_wconf 91' lang='lat' dir='ltr'>ab</span> <span class='ocrx_word' id='word_1_459' title='bbox 915 3258 958 3319; x_wconf 88' lang='lat' dir='ltr'>cis</span> <span class='ocrx_word' id='word_1_460' title='bbox 986 3260 1089 3333; x_wconf 74' lang='lat' dir='ltr'>(daed.</span> <span class='ocrx_word' id='word_1_461' title='bbox 1132 3255 1199 3315; x_wconf 87' lang='lat' dir='ltr'>licet</span> <span class='ocrx_word' id='word_1_462' title='bbox 1224 3256 1418 3331; x_wconf 86' lang='lat' dir='ltr'>Evangelium</span> <span class='ocrx_word' id='word_1_463' title='bbox 1443 3256 1596 3317; x_wconf 89' lang='lat' dir='ltr'>scribentis</span> <span class='ocrx_word' id='word_1_464' title='bbox 1617 3257 1747 3328; x_wconf 90' lang='lat' dir='ltr'>alumna,</span> <span class='ocrx_word' id='word_1_465' title='bbox 1773 3264 1802 3317; x_wconf 88' lang='lat' dir='ltr'>et</span> <span class='ocrx_word' id='word_1_466' title='bbox 1827 3271 1909 3317; x_wconf 88' lang='lat' dir='ltr'>nunc</span> <span class='ocrx_word' id='word_1_467' title='bbox 1925 3270 1986 3332; x_wconf 83' lang='lat' dir='ltr'>pre·</span> 
     </span>
     <span class='ocr_line' id='line_1_35' title="bbox 231 3344 1985 3423; baseline -0.002 -13"><span class='ocrx_word' id='word_1_468' title='bbox 231 3351 318 3420; x_wconf 81' lang='lat' dir='ltr'>xxv).</span> <span class='ocrx_word' id='word_1_469' title='bbox 348 3371 363 3402; x_wconf 74' lang='lat' dir='ltr'>a</span> <span class='ocrx_word' id='word_1_470' title='bbox 393 3348 467 3420; x_wconf 82' lang='lat' dir='ltr'>Quid</span> <span class='ocrx_word' id='word_1_471' title='bbox 495 3364 546 3423; x_wconf 89' lang='lat' dir='ltr'>per</span> <span class='ocrx_word' id='word_1_472' title='bbox 572 3364 683 3421; x_wconf 77' lang='lat' dir='ltr'>arem,</span> <span class='ocrx_word' id='word_1_473' title='bbox 712 3350 770 3409; x_wconf 91' lang='lat' dir='ltr'>nisi</span> <span class='ocrx_word' id='word_1_474' title='bbox 797 3354 895 3408; x_wconf 90' lang='lat' dir='ltr'>sancta</span> <span class='ocrx_word' id='word_1_475' title='bbox 923 3347 1092 3423; x_wconf 88' lang='lat' dir='ltr'>designatur</span> <span class='ocrx_word' id='word_1_476' title='bbox 1133 3345 1206 3405; x_wconf 89' lang='lat' dir='ltr'>tioso</span> <span class='ocrx_word' id='word_1_477' title='bbox 1233 3345 1422 3404; x_wconf 89' lang='lat' dir='ltr'>sacratissimi</span> <span class='ocrx_word' id='word_1_478' title='bbox 1448 3346 1575 3421; x_wconf 90' lang='lat' dir='ltr'>corporis</span> <span class='ocrx_word' id='word_1_479' title='bbox 1604 3348 1738 3407; x_wconf 87' lang='lat' dir='ltr'>thesauro</span> <span class='ocrx_word' id='word_1_480' title='bbox 1769 3347 1853 3407; x_wconf 87' lang='lat' dir='ltr'>dives</span> <span class='ocrx_word' id='word_1_481' title='bbox 1882 3344 1985 3406; x_wconf 70' lang='lat' dir='ltr'>edecta</span> 
     </span>
     <span class='ocr_line' id='line_1_36' title="bbox 232 3432 2024 3514; baseline -0.001 -17"><span class='ocrx_word' id='word_1_482' title='bbox 232 3438 385 3497; x_wconf 77' lang='lat' dir='ltr'>Ecclesia?</span> <span class='ocrx_word' id='word_1_483' title='bbox 411 3437 464 3496; x_wconf 87' lang='lat' dir='ltr'>Cui</span> <span class='ocrx_word' id='word_1_484' title='bbox 492 3445 616 3514; x_wconf 89' lang='lat' dir='ltr'>quatuor</span> <span class='ocrx_word' id='word_1_485' title='bbox 641 3438 744 3497; x_wconf 92' lang='lat' dir='ltr'>circuli</span> <span class='ocrx_word' id='word_1_486' title='bbox 774 3437 857 3497; x_wconf 89' lang='lat' dir='ltr'>aurei</span> <span class='ocrx_word' id='word_1_487' title='bbox 886 3452 936 3512; x_wconf 89' lang='lat' dir='ltr'>per</span> <span class='ocrx_word' id='word_1_488' title='bbox 964 3442 1091 3512; x_wconf 90' lang='lat' dir='ltr'>quatuor</span> <span class='ocrx_word' id='word_1_489' title='bbox 1134 3432 1182 3494; x_wconf 91' lang='lat' dir='ltr'>Sic</span> <span class='ocrx_word' id='word_1_490' title='bbox 1207 3435 1304 3494; x_wconf 91' lang='lat' dir='ltr'>oriens</span> <span class='ocrx_word' id='word_1_491' title='bbox 1328 3451 1380 3510; x_wconf 92' lang='lat' dir='ltr'>per</span> <span class='ocrx_word' id='word_1_492' title='bbox 1403 3435 1573 3511; x_wconf 79' lang='lat' dir='ltr'>AEgyptum,</span> <span class='ocrx_word' id='word_1_493' title='bbox 1598 3438 1730 3497; x_wconf 89' lang='lat' dir='ltr'>occidens</span> <span class='ocrx_word' id='word_1_494' title='bbox 1749 3452 1802 3512; x_wconf 89' lang='lat' dir='ltr'>per</span> <span class='ocrx_word' id='word_1_495' title='bbox 1826 3436 1987 3497; x_wconf 66' lang='lat' dir='ltr'>fflmaum</span> <span class='ocrx_word' id='word_1_496' title='bbox 2023 3493 2024 3510; x_wconf 65' lang='lat'>,</span> 
     </span>
     <span class='ocr_line' id='line_1_37' title="bbox 232 3521 2024 3604; baseline -0.004 -18"><span class='ocrx_word' id='word_1_497' title='bbox 232 3528 356 3602; x_wconf 86' lang='lat' dir='ltr'>angulos</span> <span class='ocrx_word' id='word_1_498' title='bbox 378 3526 521 3601; x_wconf 76' lang='lat' dir='ltr'>jubentur</span> <span class='ocrx_word' id='word_1_499' title='bbox 552 3527 683 3604; x_wconf 88' lang='lat' dir='ltr'>adjungi,</span> <span class='ocrx_word' id='word_1_500' title='bbox 708 3528 779 3602; x_wconf 89' lang='lat' dir='ltr'>quia</span> <span class='ocrx_word' id='word_1_501' title='bbox 805 3527 835 3586; x_wconf 90' lang='lat' dir='ltr'>in</span> <span class='ocrx_word' id='word_1_502' title='bbox 861 3541 905 3598; x_wconf 93' lang='lat' dir='ltr'>eo,</span> <span class='ocrx_word' id='word_1_503' title='bbox 934 3525 1013 3600; x_wconf 91' lang='lat' dir='ltr'>quod</span> <span class='ocrx_word' id='word_1_504' title='bbox 1040 3540 1091 3600; x_wconf 88' lang='lat' dir='ltr'>per</span> <span class='ocrx_word' id='word_1_505' title='bbox 1134 3523 1287 3585; x_wconf 88' lang='lat' dir='ltr'>decoratur</span> <span class='ocrx_word' id='word_1_506' title='bbox 1314 3526 1482 3601; x_wconf 86' lang='lat' dir='ltr'>imperium.</span> <span class='ocrx_word' id='word_1_507' title='bbox 1511 3525 1555 3587; x_wconf 89' lang='lat' dir='ltr'>Sit</span> <span class='ocrx_word' id='word_1_508' title='bbox 1581 3527 1625 3586; x_wconf 90' lang='lat' dir='ltr'>illi</span> <span class='ocrx_word' id='word_1_509' title='bbox 1651 3526 1753 3602; x_wconf 88' lang='lat' dir='ltr'>gloria,</span> <span class='ocrx_word' id='word_1_510' title='bbox 1776 3526 1829 3603; x_wconf 82' lang='lat' dir='ltr'>qui</span> <span class='ocrx_word' id='word_1_511' title='bbox 1850 3524 1987 3586; x_wconf 84' lang='lat' dir='ltr'>mirabilis</span> <span class='ocrx_word' id='word_1_512' title='bbox 2023 3521 2024 3578; x_wconf 93' lang='lat' dir='ltr'>l</span> 
     </span>
     <span class='ocr_line' id='line_1_38' title="bbox 232 3610 1986 3691; baseline -0.001 -16"><span class='ocrx_word' id='word_1_513' title='bbox 232 3624 358 3691; x_wconf 92' lang='lat' dir='ltr'>quatuor</span> <span class='ocrx_word' id='word_1_514' title='bbox 374 3615 477 3675; x_wconf 91' lang='lat' dir='ltr'>mundi</span> <span class='ocrx_word' id='word_1_515' title='bbox 493 3615 719 3691; x_wconf 88' lang='lat' dir='ltr'>partesdilatata</span> <span class='ocrx_word' id='word_1_516' title='bbox 734 3614 870 3688; x_wconf 84' lang='lat' dir='ltr'>tenditur,</span> <span class='ocrx_word' id='word_1_517' title='bbox 885 3611 1092 3689; x_wconf 90' lang='lat' dir='ltr'>proculdubio</span> <span class='ocrx_word' id='word_1_518' title='bbox 1135 3610 1166 3670; x_wconf 90' lang='lat' dir='ltr'>in</span> <span class='ocrx_word' id='word_1_519' title='bbox 1183 3614 1289 3674; x_wconf 90' lang='lat' dir='ltr'>sanctis</span> <span class='ocrx_word' id='word_1_520' title='bbox 1304 3614 1367 3674; x_wconf 90' lang='lat' dir='ltr'>suis</span> <span class='ocrx_word' id='word_1_521' title='bbox 1382 3616 1465 3688; x_wconf 82' lang='lat' dir='ltr'>(Psoi.</span> <span class='ocrx_word' id='word_1_522' title='bbox 1484 3618 1587 3689; x_wconf 79' lang='lat' dir='ltr'>txvtti,</span> <span class='ocrx_word' id='word_1_523' title='bbox 1602 3632 1651 3677; x_wconf 92' lang='lat' dir='ltr'>eos</span> <span class='ocrx_word' id='word_1_524' title='bbox 1670 3615 1757 3676; x_wconf 89' lang='lat' dir='ltr'>etiam</span> <span class='ocrx_word' id='word_1_525' title='bbox 1781 3615 1928 3676; x_wconf 81' lang='lat' dir='ltr'>mirabiles</span> <span class='ocrx_word' id='word_1_526' title='bbox 1945 3613 1986 3673; x_wconf 86' lang='lat' dir='ltr'>fa·</span> 
     </span>
     <span class='ocr_line' id='line_1_39' title="bbox 232 3700 1661 3780; baseline 0 -14"><span class='ocrx_word' id='word_1_527' title='bbox 232 3712 356 3780; x_wconf 91' lang='lat' dir='ltr'>quatuor</span> <span class='ocrx_word' id='word_1_528' title='bbox 370 3705 460 3764; x_wconf 90' lang='lat' dir='ltr'>sancti</span> <span class='ocrx_word' id='word_1_529' title='bbox 480 3702 633 3778; x_wconf 81' lang='lat' dir='ltr'>Evangelii</span> <span class='ocrx_word' id='word_1_530' title='bbox 660 3704 742 3764; x_wconf 89' lang='lat' dir='ltr'>libris</span> <span class='ocrx_word' id='word_1_531' title='bbox 758 3704 886 3764; x_wconf 90' lang='lat' dir='ltr'>accincta</span> <span class='ocrx_word' id='word_1_532' title='bbox 906 3702 1090 3779; x_wconf 88' lang='lat' dir='ltr'>predicatur.</span> <span class='ocrx_word' id='word_1_533' title='bbox 1138 3700 1176 3761; x_wconf 93' lang='lat' dir='ltr'>cit</span> <span class='ocrx_word' id='word_1_534' title='bbox 1190 3703 1220 3761; x_wconf 92' lang='lat' dir='ltr'>in</span> <span class='ocrx_word' id='word_1_535' title='bbox 1233 3704 1340 3763; x_wconf 88' lang='lat' dir='ltr'>secula</span> <span class='ocrx_word' id='word_1_536' title='bbox 1353 3704 1538 3767; x_wconf 90' lang='lat' dir='ltr'>seculorum.</span> <span class='ocrx_word' id='word_1_537' title='bbox 1554 3708 1661 3767; x_wconf 78' lang='lat' dir='ltr'>Amen.</span> 
     </span>
     <span class='ocr_line' id='line_1_40' title="bbox 235 3791 1912 3872; baseline -0.001 -19"><span class='ocrx_word' id='word_1_538' title='bbox 235 3793 393 3869; x_wconf 80' lang='lat' dir='ltr'>vectesque</span> <span class='ocrx_word' id='word_1_539' title='bbox 418 3791 455 3851; x_wconf 92' lang='lat' dir='ltr'>do</span> <span class='ocrx_word' id='word_1_540' title='bbox 481 3792 569 3868; x_wconf 87' lang='lat' dir='ltr'>lignis</span> <span class='ocrx_word' id='word_1_541' title='bbox 593 3792 702 3853; x_wconf 87' lang='lat' dir='ltr'>Setbim</span> <span class='ocrx_word' id='word_1_542' title='bbox 732 3793 819 3865; x_wconf 84' lang='lat' dir='ltr'>huot,</span> <span class='ocrx_word' id='word_1_543' title='bbox 846 3793 898 3867; x_wconf 91' lang='lat' dir='ltr'>qui</span> <span class='ocrx_word' id='word_1_544' title='bbox 920 3793 1029 3852; x_wconf 89' lang='lat' dir='ltr'>eisdem</span> <span class='ocrx_word' id='word_1_545' title='bbox 1055 3793 1093 3853; x_wconf 92' lang='lat' dir='ltr'>ad</span> <span class='ocrx_word' id='word_1_546' title='bbox 1458 3810 1583 3872; x_wconf 71' lang='lat' dir='ltr'>sgggg</span> <span class='ocrx_word' id='word_1_547' title='bbox 1602 3810 1666 3871; x_wconf 56' lang='lat' dir='ltr'>xv,</span> <span class='ocrx_word' id='word_1_548' title='bbox 1906 3855 1912 3866; x_wconf 70' lang='grc'><strong><em>,</em></strong></span> 
     </span>
     <span class='ocr_line' id='line_1_41' title="bbox 233 3879 1886 3957; baseline 0.002 -17"><span class='ocrx_word' id='word_1_549' title='bbox 233 3882 408 3956; x_wconf 90' lang='lat' dir='ltr'>portandum</span> <span class='ocrx_word' id='word_1_550' title='bbox 437 3881 554 3940; x_wconf 90' lang='lat' dir='ltr'>circulis</span> <span class='ocrx_word' id='word_1_551' title='bbox 577 3882 757 3951; x_wconf 89' lang='lat' dir='ltr'>inseruntur,</span> <span class='ocrx_word' id='word_1_552' title='bbox 784 3881 853 3955; x_wconf 89' lang='lat' dir='ltr'>quia</span> <span class='ocrx_word' id='word_1_553' title='bbox 879 3879 968 3940; x_wconf 88' lang='lat' dir='ltr'>fortes</span> <span class='ocrx_word' id='word_1_554' title='bbox 997 3897 1091 3955; x_wconf 91' lang='lat' dir='ltr'>perse·</span> <span class='ocrx_word' id='word_1_555' title='bbox 1241 3891 1272 3939; x_wconf 86' lang='lat' dir='ltr'>tt.</span> <span class='ocrx_word' id='word_1_556' title='bbox 1288 3892 1325 3940; x_wconf 80' lang='lat' dir='ltr'>nrt</span> <span class='ocrx_word' id='word_1_557' title='bbox 1339 3894 1363 3940; x_wconf 86' lang='lat' dir='ltr'>s.</span> <span class='ocrx_word' id='word_1_558' title='bbox 1378 3893 1479 3942; x_wconf 76' lang='lat' dir='ltr'>nauco</span> <span class='ocrx_word' id='word_1_559' title='bbox 1493 3896 1705 3944; x_wconf 80' lang='lat' dir='ltr'>svanosttsrs.</span> <span class='ocrx_word' id='word_1_560' title='bbox 1718 3884 1794 3955; x_wconf 75' lang='lat' dir='ltr'>(xxv</span> <span class='ocrx_word' id='word_1_561' title='bbox 1807 3885 1886 3957; x_wconf 80' lang='lat' dir='ltr'>aen.)</span> 
     </span>
     <span class='ocr_line' id='line_1_42' title="bbox 233 3967 1988 4048; baseline 0.001 -18"><span class='ocrx_word' id='word_1_562' title='bbox 233 3979 425 4045; x_wconf 84' lang='lat' dir='ltr'>verentesque</span> <span class='ocrx_word' id='word_1_563' title='bbox 447 3970 576 4030; x_wconf 90' lang='lat' dir='ltr'>doctores</span> <span class='ocrx_word' id='word_1_564' title='bbox 594 3971 676 4029; x_wconf 90' lang='lat' dir='ltr'>velut</span> <span class='ocrx_word' id='word_1_565' title='bbox 697 3968 890 4046; x_wconf 87' lang='lat' dir='ltr'>imputribilia</span> <span class='ocrx_word' id='word_1_566' title='bbox 913 3969 993 4045; x_wconf 88' lang='lat' dir='ltr'>ligna</span> <span class='ocrx_word' id='word_1_567' title='bbox 1014 3987 1095 4046; x_wconf 86' lang='lat' dir='ltr'>que-</span> <span class='ocrx_word' id='word_1_568' title='bbox 1170 3967 1244 4027; x_wconf 89' lang='lat' dir='ltr'>Ecce</span> <span class='ocrx_word' id='word_1_569' title='bbox 1267 3968 1375 4043; x_wconf 90' lang='lat' dir='ltr'>video,</span> <span class='ocrx_word' id='word_1_570' title='bbox 1407 3970 1610 4046; x_wconf 84' lang='lat' dir='ltr'>dilectissimi,</span> <span class='ocrx_word' id='word_1_571' title='bbox 1634 3972 1775 4048; x_wconf 89' lang='lat' dir='ltr'>quoniam</span> <span class='ocrx_word' id='word_1_572' title='bbox 1800 3973 1837 4033; x_wconf 90' lang='lat' dir='ltr'>ad</span> <span class='ocrx_word' id='word_1_573' title='bbox 1860 3985 1988 4032; x_wconf 79' lang='lat' dir='ltr'>mensam</span> 
     </span>
     <span class='ocr_line' id='line_1_43' title="bbox 232 4057 1986 4137; baseline -0.001 -16"><span class='ocrx_word' id='word_1_574' title='bbox 232 4061 314 4121; x_wconf 90' lang='lat' dir='ltr'>rendi</span> <span class='ocrx_word' id='word_1_575' title='bbox 341 4065 421 4131; x_wconf 89' lang='lat' dir='ltr'>sunt,</span> <span class='ocrx_word' id='word_1_576' title='bbox 447 4060 499 4135; x_wconf 93' lang='lat' dir='ltr'>qui</span> <span class='ocrx_word' id='word_1_577' title='bbox 521 4058 707 4118; x_wconf 90' lang='lat' dir='ltr'>instructioni</span> <span class='ocrx_word' id='word_1_578' title='bbox 730 4073 878 4117; x_wconf 91' lang='lat' dir='ltr'>sacrorum</span> <span class='ocrx_word' id='word_1_579' title='bbox 906 4058 1093 4119; x_wconf 89' lang='lat' dir='ltr'>voluminum</span> <span class='ocrx_word' id='word_1_580' title='bbox 1135 4057 1264 4118; x_wconf 87' lang='lat' dir='ltr'>ecclesie</span> <span class='ocrx_word' id='word_1_581' title='bbox 1294 4058 1529 4134; x_wconf 85' lang='lat' dir='ltr'>discumbentes,</span> <span class='ocrx_word' id='word_1_582' title='bbox 1556 4060 1627 4122; x_wconf 92' lang='lat' dir='ltr'>dum</span> <span class='ocrx_word' id='word_1_583' title='bbox 1654 4061 1850 4137; x_wconf 84' lang='lat' dir='ltr'>spiritualium</span> <span class='ocrx_word' id='word_1_584' title='bbox 1873 4060 1986 4120; x_wconf 81' lang='lat' dir='ltr'>delicia·</span> 
     </span>
     <span class='ocr_line' id='line_1_44' title="bbox 232 4143 2023 4224; baseline 0.002 -16"><span class='ocrx_word' id='word_1_585' title='bbox 232 4143 347 4224; x_wconf 82' lang='lat' dir='ltr'>semper</span> <span class='ocrx_word' id='word_1_586' title='bbox 368 4148 557 4219; x_wconf 75' lang='lat' dir='ltr'>inherentes,</span> <span class='ocrx_word' id='word_1_587' title='bbox 584 4151 690 4207; x_wconf 86' lang='lat' dir='ltr'>sancte</span> <span class='ocrx_word' id='word_1_588' title='bbox 714 4147 851 4208; x_wconf 86' lang='lat' dir='ltr'>Ecclesie</span> <span class='ocrx_word' id='word_1_589' title='bbox 876 4147 1020 4208; x_wconf 89' lang='lat' dir='ltr'>unitatem</span> <span class='ocrx_word' id='word_1_590' title='bbox 1042 4148 1092 4209; x_wconf 92' lang='lat' dir='ltr'>de·</span> <span class='ocrx_word' id='word_1_591' title='bbox 1136 4163 1204 4208; x_wconf 91' lang='lat' dir='ltr'>rum</span> <span class='ocrx_word' id='word_1_592' title='bbox 1225 4148 1363 4208; x_wconf 90' lang='lat' dir='ltr'>alimenta</span> <span class='ocrx_word' id='word_1_593' title='bbox 1382 4150 1538 4224; x_wconf 88' lang='lat' dir='ltr'>percipitis,</span> <span class='ocrx_word' id='word_1_594' title='bbox 1560 4167 1621 4212; x_wconf 90' lang='lat' dir='ltr'>non</span> <span class='ocrx_word' id='word_1_595' title='bbox 1635 4167 1694 4212; x_wconf 89' lang='lat' dir='ltr'>uno</span> <span class='ocrx_word' id='word_1_596' title='bbox 1708 4149 1985 4219; x_wconf 88' lang='lat' dir='ltr'>sermoneoontenti,</span> <span class='ocrx_word' id='word_1_597' title='bbox 2022 4179 2023 4220; x_wconf 55' lang='grc' dir='ltr'><strong>ι</strong></span> 
     </span>
     <span class='ocr_line' id='line_1_45' title="bbox 235 4235 2023 4313; baseline 0.001 -17"><span class='ocrx_word' id='word_1_598' title='bbox 235 4238 371 4298; x_wconf 90' lang='lat' dir='ltr'>nuntient</span> <span class='ocrx_word' id='word_1_599' title='bbox 388 4244 417 4296; x_wconf 90' lang='lat' dir='ltr'>et</span> <span class='ocrx_word' id='word_1_600' title='bbox 439 4238 524 4311; x_wconf 88' lang='lat' dir='ltr'>quasi</span> <span class='ocrx_word' id='word_1_601' title='bbox 545 4236 705 4296; x_wconf 90' lang='lat' dir='ltr'>intromissi</span> <span class='ocrx_word' id='word_1_602' title='bbox 725 4238 842 4299; x_wconf 91' lang='lat' dir='ltr'>circulis</span> <span class='ocrx_word' id='word_1_603' title='bbox 858 4254 954 4298; x_wconf 86' lang='lat' dir='ltr'>arcam</span> <span class='ocrx_word' id='word_1_604' title='bbox 969 4245 1093 4313; x_wconf 82' lang='lat' dir='ltr'>portent</span> <span class='ocrx_word' id='word_1_605' title='bbox 1135 4235 1232 4296; x_wconf 90' lang='lat' dir='ltr'>adhuc</span> <span class='ocrx_word' id='word_1_606' title='bbox 1254 4236 1379 4299; x_wconf 88' lang='lat' dir='ltr'>alterum</span> <span class='ocrx_word' id='word_1_607' title='bbox 1400 4239 1517 4300; x_wconf 88' lang='lat' dir='ltr'>avidius</span> <span class='ocrx_word' id='word_1_608' title='bbox 1536 4241 1662 4301; x_wconf 91' lang='lat' dir='ltr'>esuritis.</span> <span class='ocrx_word' id='word_1_609' title='bbox 1684 4239 1878 4311; x_wconf 81' lang='lat' dir='ltr'>Quamobrem</span> <span class='ocrx_word' id='word_1_610' title='bbox 1896 4246 1925 4300; x_wconf 88' lang='lat' dir='ltr'>et</span> <span class='ocrx_word' id='word_1_611' title='bbox 1940 4251 1986 4298; x_wconf 85' lang='lat' dir='ltr'>noo</span> <span class='ocrx_word' id='word_1_612' title='bbox 2022 4247 2023 4284; x_wconf 50' lang='grc' dir='ltr'>ὲ</span> 
     </span>
     <span class='ocr_line' id='line_1_46' title="bbox 236 4307 2023 4402; baseline -0.001 -17"><span class='ocrx_word' id='word_1_613' title='bbox 236 4325 371 4387; x_wconf 89' lang='lat' dir='ltr'>Vectibus</span> <span class='ocrx_word' id='word_1_614' title='bbox 396 4327 505 4402; x_wconf 88' lang='lat' dir='ltr'>quippe</span> <span class='ocrx_word' id='word_1_615' title='bbox 530 4342 627 4386; x_wconf 84' lang='lat' dir='ltr'>arcam</span> <span class='ocrx_word' id='word_1_616' title='bbox 652 4334 775 4402; x_wconf 87' lang='lat' dir='ltr'>portare,</span> <span class='ocrx_word' id='word_1_617' title='bbox 798 4333 841 4388; x_wconf 87' lang='lat' dir='ltr'>est</span> <span class='ocrx_word' id='word_1_618' title='bbox 866 4327 949 4387; x_wconf 91' lang='lat' dir='ltr'>bonis</span> <span class='ocrx_word' id='word_1_619' title='bbox 970 4328 1094 4388; x_wconf 92' lang='lat' dir='ltr'>doctori-</span> <span class='ocrx_word' id='word_1_620' title='bbox 1136 4324 1173 4383; x_wconf 90' lang='lat' dir='ltr'>ab</span> <span class='ocrx_word' id='word_1_621' title='bbox 1206 4326 1437 4388; x_wconf 87' lang='lat' dir='ltr'>administrando</span> <span class='ocrx_word' id='word_1_622' title='bbox 1469 4329 1635 4390; x_wconf 89' lang='lat' dir='ltr'>relectionis</span> <span class='ocrx_word' id='word_1_623' title='bbox 1664 4338 1766 4390; x_wconf 88' lang='lat' dir='ltr'>vestre</span> <span class='ocrx_word' id='word_1_624' title='bbox 1797 4328 1907 4389; x_wconf 87' lang='lat' dir='ltr'>ferculo</span> <span class='ocrx_word' id='word_1_625' title='bbox 1932 4340 1984 4385; x_wconf 88' lang='lat' dir='ltr'>non</span> <span class='ocrx_word' id='word_1_626' title='bbox 2022 4307 2023 4394; x_wconf 76' lang='lat' dir='ltr'>l</span> 
     </span>
     <span class='ocr_line' id='line_1_47' title="bbox 233 4413 1985 4490; baseline 0.006 -15"><span class='ocrx_word' id='word_1_627' title='bbox 233 4414 290 4476; x_wconf 92' lang='lat' dir='ltr'>bus</span> <span class='ocrx_word' id='word_1_628' title='bbox 313 4416 350 4474; x_wconf 93' lang='lat' dir='ltr'>ad</span> <span class='ocrx_word' id='word_1_629' title='bbox 373 4423 502 4475; x_wconf 87' lang='lat' dir='ltr'>sanctam</span> <span class='ocrx_word' id='word_1_630' title='bbox 528 4413 685 4476; x_wconf 87' lang='lat' dir='ltr'>Ecclesiam</span> <span class='ocrx_word' id='word_1_631' title='bbox 715 4415 803 4476; x_wconf 90' lang='lat' dir='ltr'>rudes</span> <span class='ocrx_word' id='word_1_632' title='bbox 828 4416 960 4477; x_wconf 89' lang='lat' dir='ltr'>fidelium</span> <span class='ocrx_word' id='word_1_633' title='bbox 985 4424 1096 4477; x_wconf 90' lang='lat' dir='ltr'>mentes</span> <span class='ocrx_word' id='word_1_634' title='bbox 1138 4416 1315 4490; x_wconf 88' lang='lat' dir='ltr'>desistimus,</span> <span class='ocrx_word' id='word_1_635' title='bbox 1342 4425 1376 4477; x_wconf 89' lang='lat' dir='ltr'>nt</span> <span class='ocrx_word' id='word_1_636' title='bbox 1397 4425 1526 4480; x_wconf 88' lang='lat' dir='ltr'>sanctam</span> <span class='ocrx_word' id='word_1_637' title='bbox 1548 4427 1652 4480; x_wconf 85' lang='lat' dir='ltr'>vestre</span> <span class='ocrx_word' id='word_1_638' title='bbox 1674 4419 1836 4481; x_wconf 87' lang='lat' dir='ltr'>devotionis</span> <span class='ocrx_word' id='word_1_639' title='bbox 1856 4416 1985 4485; x_wconf 71' lang='lat' dir='ltr'>euclem,</span> 
     </span>
     <span class='ocr_line' id='line_1_48' title="bbox 232 4505 1986 4620; baseline 0.001 -55"><span class='ocrx_word' id='word_1_640' title='bbox 232 4506 420 4580; x_wconf 86' lang='lat' dir='ltr'>predicando</span> <span class='ocrx_word' id='word_1_641' title='bbox 447 4505 598 4565; x_wconf 89' lang='lat' dir='ltr'>deducere.</span> <span class='ocrx_word' id='word_1_642' title='bbox 629 4505 685 4577; x_wconf 83' lang='lat' dir='ltr'>Qui</span> <span class='ocrx_word' id='word_1_643' title='bbox 712 4521 784 4566; x_wconf 89' lang='lat' dir='ltr'>auro</span> <span class='ocrx_word' id='word_1_644' title='bbox 815 4522 931 4583; x_wconf 91' lang='lat' dir='ltr'>quoque</span> <span class='ocrx_word' id='word_1_645' title='bbox 954 4506 1186 4620; x_wconf 66' lang='lat' dir='ltr'>iubenturDvel</span> <span class='ocrx_word' id='word_1_646' title='bbox 1217 4512 1297 4571; x_wconf 90' lang='lat' dir='ltr'>tenui</span> <span class='ocrx_word' id='word_1_647' title='bbox 1327 4513 1454 4587; x_wconf 92' lang='lat' dir='ltr'>quodam</span> <span class='ocrx_word' id='word_1_648' title='bbox 1487 4512 1592 4588; x_wconf 87' lang='lat' dir='ltr'>pabulo</span> <span class='ocrx_word' id='word_1_649' title='bbox 1619 4521 1831 4589; x_wconf 87' lang='lat' dir='ltr'>temperemus,</span> <span class='ocrx_word' id='word_1_650' title='bbox 1866 4512 1986 4571; x_wconf 84' lang='lat' dir='ltr'>dieentes</span> 
     </span>
     <span class='ocr_line' id='line_1_49' title="bbox 231 4595 1986 4677; baseline -0.002 -18"><span class='ocrx_word' id='word_1_651' title='bbox 231 4596 347 4673; x_wconf 89' lang='lat' dir='ltr'>operiri,</span> <span class='ocrx_word' id='word_1_652' title='bbox 364 4601 405 4666; x_wconf 91' lang='lat' dir='ltr'>ut,</span> <span class='ocrx_word' id='word_1_653' title='bbox 422 4611 490 4655; x_wconf 91' lang='lat' dir='ltr'>cum</span> <span class='ocrx_word' id='word_1_654' title='bbox 514 4612 648 4657; x_wconf 90' lang='lat' dir='ltr'>sermone</span> <span class='ocrx_word' id='word_1_655' title='bbox 669 4597 736 4656; x_wconf 90' lang='lat' dir='ltr'>aliis</span> <span class='ocrx_word' id='word_1_656' title='bbox 755 4597 903 4669; x_wconf 90' lang='lat' dir='ltr'>insonant,</span> <span class='ocrx_word' id='word_1_657' title='bbox 924 4597 980 4672; x_wconf 90' lang='lat' dir='ltr'>ipsi</span> <span class='ocrx_word' id='word_1_658' title='bbox 1003 4596 1091 4656; x_wconf 90' lang='lat' dir='ltr'>etiam</span> <span class='ocrx_word' id='word_1_659' title='bbox 1135 4599 1244 4660; x_wconf 85' lang='lat' dir='ltr'>scilicet</span> <span class='ocrx_word' id='word_1_660' title='bbox 1256 4616 1323 4662; x_wconf 91' lang='lat' dir='ltr'>cum</span> <span class='ocrx_word' id='word_1_661' title='bbox 1339 4602 1476 4677; x_wconf 84' lang='lat' dir='ltr'>Apostolo</span> <span class='ocrx_word' id='word_1_662' title='bbox 1490 4628 1497 4663; x_wconf 78' lang='grc' dir='ltr'><strong>ι</strong></span> <span class='ocrx_word' id='word_1_663' title='bbox 1513 4603 1649 4663; x_wconf 68' lang='lat' dir='ltr'>«Eadem</span> <span class='ocrx_word' id='word_1_664' title='bbox 1668 4602 1753 4663; x_wconf 89' lang='lat' dir='ltr'>vobis</span> <span class='ocrx_word' id='word_1_665' title='bbox 1770 4601 1906 4672; x_wconf 69' lang='lat' dir='ltr'>ertone,</span> <span class='ocrx_word' id='word_1_666' title='bbox 1919 4595 1986 4656; x_wconf 87' lang='lat' dir='ltr'>mibi</span> 
     </span>
     <span class='ocr_line' id='line_1_50' title="bbox 232 4689 1985 4769; baseline -0.001 -20"><span class='ocrx_word' id='word_1_667' title='bbox 232 4690 301 4750; x_wconf 89' lang='lat' dir='ltr'>vite</span> <span class='ocrx_word' id='word_1_668' title='bbox 324 4689 477 4765; x_wconf 90' lang='lat' dir='ltr'>splendore</span> <span class='ocrx_word' id='word_1_669' title='bbox 501 4690 671 4765; x_wconf 79' lang='lat' dir='ltr'>fulgescant.</span> <span class='ocrx_word' id='word_1_670' title='bbox 697 4690 738 4749; x_wconf 88' lang='lat' dir='ltr'>ile</span> <span class='ocrx_word' id='word_1_671' title='bbox 764 4689 874 4767; x_wconf 88' lang='lat' dir='ltr'>quibus</span> <span class='ocrx_word' id='word_1_672' title='bbox 897 4695 963 4766; x_wconf 87' lang='lat' dir='ltr'>apte</span> <span class='ocrx_word' id='word_1_673' title='bbox 989 4689 1091 4750; x_wconf 89' lang='lat' dir='ltr'>subdi·</span> <span class='ocrx_word' id='word_1_674' title='bbox 1135 4690 1271 4764; x_wconf 75' lang='lat' dir='ltr'>quidem¹</span> <span class='ocrx_word' id='word_1_675' title='bbox 1287 4707 1345 4752; x_wconf 90' lang='lat' dir='ltr'>non</span> <span class='ocrx_word' id='word_1_676' title='bbox 1379 4693 1514 4769; x_wconf 90' lang='lat' dir='ltr'>pigrum,</span> <span class='ocrx_word' id='word_1_677' title='bbox 1551 4692 1635 4754; x_wconf 93' lang='lat' dir='ltr'>vobis</span> <span class='ocrx_word' id='word_1_678' title='bbox 1667 4699 1765 4753; x_wconf 90' lang='lat' dir='ltr'>autem</span> <span class='ocrx_word' id='word_1_679' title='bbox 1796 4691 1985 4752; x_wconf 71' lang='lat' dir='ltr'>noeeerian</span> 
     </span>
     <span class='ocr_line' id='line_1_51' title="bbox 232 4775 1986 4866; baseline 0.002 -28"><span class='ocrx_word' id='word_1_680' title='bbox 232 4784 301 4841; x_wconf 85' lang='lat' dir='ltr'>tur:</span> <span class='ocrx_word' id='word_1_681' title='bbox 325 4777 413 4849; x_wconf 80' lang='lat' dir='ltr'>«Qui</span> <span class='ocrx_word' id='word_1_682' title='bbox 435 4794 548 4854; x_wconf 91' lang='lat' dir='ltr'>semper</span> <span class='ocrx_word' id='word_1_683' title='bbox 572 4786 658 4839; x_wconf 89' lang='lat' dir='ltr'>erunt</span> <span class='ocrx_word' id='word_1_684' title='bbox 679 4780 711 4838; x_wconf 91' lang='lat' dir='ltr'>in</span> <span class='ocrx_word' id='word_1_685' title='bbox 730 4778 856 4852; x_wconf 92' lang='lat' dir='ltr'>circulis,</span> <span class='ocrx_word' id='word_1_686' title='bbox 882 4795 935 4839; x_wconf 90' lang='lat' dir='ltr'>nec</span> <span class='ocrx_word' id='word_1_687' title='bbox 958 4794 1091 4856; x_wconf 86' lang='lat' dir='ltr'>uuquam</span> <span class='ocrx_word' id='word_1_688' title='bbox 1136 4784 1217 4855; x_wconf 74' lang='lat' dir='ltr'>(Phil.</span> <span class='ocrx_word' id='word_1_689' title='bbox 1244 4784 1298 4857; x_wconf 92' lang='grc' dir='ltr'><strong>ιιι).</strong></span> <span class='ocrx_word' id='word_1_690' title='bbox 1328 4803 1342 4833; x_wconf 71' lang='lat' dir='ltr'>a</span> <span class='ocrx_word' id='word_1_691' title='bbox 1370 4782 1450 4842; x_wconf 89' lang='lat' dir='ltr'>luter</span> <span class='ocrx_word' id='word_1_692' title='bbox 1474 4798 1577 4866; x_wconf 71' lang='lat' dir='ltr'>omnes</span> <span class='ocrx_word' id='word_1_693' title='bbox 1598 4782 1685 4857; x_wconf 88' lang='lat' dir='ltr'>plane</span> <span class='ocrx_word' id='word_1_694' title='bbox 1702 4783 1833 4842; x_wconf 89' lang='lat' dir='ltr'>doctores</span> <span class='ocrx_word' id='word_1_695' title='bbox 1856 4775 1986 4840; x_wconf 62' lang='lat' dir='ltr'>mein</span> 
     </span>
     <span class='ocr_line' id='line_1_52' title="bbox 232 4863 2022 4945; baseline -0.003 -15"><span class='ocrx_word' id='word_1_696' title='bbox 232 4870 423 4930; x_wconf 81' lang='lat' dir='ltr'>extrahentur</span> <span class='ocrx_word' id='word_1_697' title='bbox 444 4869 481 4930; x_wconf 93' lang='lat' dir='ltr'>ab</span> <span class='ocrx_word' id='word_1_698' title='bbox 504 4870 677 4941; x_wconf 67' lang='lat' dir='ltr'>cisionis</span> <span class='ocrx_word' id='word_1_699' title='bbox 700 4870 842 4930; x_wconf 90' lang='lat' dir='ltr'>nimirum</span> <span class='ocrx_word' id='word_1_700' title='bbox 862 4886 978 4931; x_wconf 89' lang='lat' dir='ltr'>necesse</span> <span class='ocrx_word' id='word_1_701' title='bbox 999 4874 1092 4929; x_wconf 88' lang='lat' dir='ltr'>estut</span> <span class='ocrx_word' id='word_1_702' title='bbox 1134 4868 1253 4930; x_wconf 76' lang='lat' dir='ltr'>beatam</span> <span class='ocrx_word' id='word_1_703' title='bbox 1282 4871 1363 4930; x_wconf 89' lang='lat' dir='ltr'>hunc</span> <span class='ocrx_word' id='word_1_704' title='bbox 1395 4871 1543 4940; x_wconf 78' lang='lat' dir='ltr'>Marcum,</span> <span class='ocrx_word' id='word_1_705' title='bbox 1574 4871 1660 4945; x_wconf 85' lang='lat' dir='ltr'>cujus</span> <span class='ocrx_word' id='word_1_706' title='bbox 1688 4870 1776 4930; x_wconf 89' lang='lat' dir='ltr'>hodie</span> <span class='ocrx_word' id='word_1_707' title='bbox 1805 4863 1985 4943; x_wconf 76' lang='lat' dir='ltr'>triumphalia</span> <span class='ocrx_word' id='word_1_708' title='bbox 2021 4895 2022 4918; x_wconf 64' lang='lat' dir='ltr'>t</span> 
     </span>
     <span class='ocr_line' id='line_1_53' title="bbox 233 4954 1983 5035; baseline -0.006 -15"><span class='ocrx_word' id='word_1_709' title='bbox 233 4960 286 5035; x_wconf 93' lang='lat' dir='ltr'>qui</span> <span class='ocrx_word' id='word_1_710' title='bbox 313 4959 348 5017; x_wconf 85' lang='lat' dir='ltr'>ar]</span> <span class='ocrx_word' id='word_1_711' title='bbox 382 4957 511 5019; x_wconf 88' lang='lat' dir='ltr'>officium</span> <span class='ocrx_word' id='word_1_712' title='bbox 544 4958 758 5033; x_wconf 81' lang='lat' dir='ltr'>predicationis</span> <span class='ocrx_word' id='word_1_713' title='bbox 789 4959 936 5019; x_wconf 83' lang='lat' dir='ltr'>excubant</span> <span class='ocrx_word' id='word_1_714' title='bbox 961 4975 979 5018; x_wconf 91' lang='lat' dir='ltr'>a</span> <span class='ocrx_word' id='word_1_715' title='bbox 1002 4973 1093 5019; x_wconf 82' lang='lat' dir='ltr'>sacre</span> <span class='ocrx_word' id='word_1_716' title='bbox 1134 4962 1214 5031; x_wconf 85' lang='lat' dir='ltr'>gesta</span> <span class='ocrx_word' id='word_1_717' title='bbox 1240 4956 1404 5028; x_wconf 90' lang='lat' dir='ltr'>recolimus,</span> <span class='ocrx_word' id='word_1_718' title='bbox 1432 4958 1503 5017; x_wconf 86' lang='lat' dir='ltr'>satis</span> <span class='ocrx_word' id='word_1_719' title='bbox 1524 4956 1668 5031; x_wconf 90' lang='lat' dir='ltr'>insignem</span> <span class='ocrx_word' id='word_1_720' title='bbox 1693 4962 1782 5031; x_wconf 87' lang='lat' dir='ltr'>atque</span> <span class='ocrx_word' id='word_1_721' title='bbox 1800 4954 1983 5030; x_wconf 75' lang='lat' dir='ltr'>mosaicoum</span> 
     </span>
     <span class='ocr_line' id='line_1_54' title="bbox 233 5040 1986 5124; baseline -0.005 -18"><span class='ocrx_word' id='word_1_722' title='bbox 233 5048 366 5108; x_wconf 87' lang='lat' dir='ltr'>lectionis</span> <span class='ocrx_word' id='word_1_723' title='bbox 390 5047 485 5108; x_wconf 85' lang='lat' dir='ltr'>studio</span> <span class='ocrx_word' id='word_1_724' title='bbox 513 5063 571 5108; x_wconf 91' lang='lat' dir='ltr'>uon</span> <span class='ocrx_word' id='word_1_725' title='bbox 595 5046 739 5107; x_wconf 89' lang='lat' dir='ltr'>recedant.</span> <span class='ocrx_word' id='word_1_726' title='bbox 760 5048 806 5107; x_wconf 85' lang='lat' dir='ltr'>Ad</span> <span class='ocrx_word' id='word_1_727' title='bbox 828 5048 883 5108; x_wconf 91' lang='lat' dir='ltr'>boc</span> <span class='ocrx_word' id='word_1_728' title='bbox 901 5064 1026 5124; x_wconf 87' lang='lat' dir='ltr'>namque</span> <span class='ocrx_word' id='word_1_729' title='bbox 1046 5064 1094 5108; x_wconf 79' lang='lat' dir='ltr'>ve</span> <span class='ocrx_word' id='word_1_730' title='bbox 1131 5043 1310 5122; x_wconf 85' lang='lat' dir='ltr'>judicamus.</span> <span class='ocrx_word' id='word_1_731' title='bbox 1335 5043 1415 5104; x_wconf 86' lang='lat' dir='ltr'>Beati</span> <span class='ocrx_word' id='word_1_732' title='bbox 1442 5045 1550 5106; x_wconf 89' lang='lat' dir='ltr'>scilicet</span> <span class='ocrx_word' id='word_1_733' title='bbox 1575 5043 1773 5119; x_wconf 88' lang='lat' dir='ltr'>apostolorum</span> <span class='ocrx_word' id='word_1_734' title='bbox 1798 5040 1986 5117; x_wconf 85' lang='lat' dir='ltr'>principisct</span> 
     </span>
     <span class='ocr_line' id='line_1_55' title="bbox 232 5129 1985 5210; baseline -0.001 -15"><span class='ocrx_word' id='word_1_735' title='bbox 232 5142 291 5195; x_wconf 89' lang='lat' dir='ltr'>ctes</span> <span class='ocrx_word' id='word_1_736' title='bbox 327 5136 359 5195; x_wconf 91' lang='lat' dir='ltr'>in</span> <span class='ocrx_word' id='word_1_737' title='bbox 393 5135 509 5196; x_wconf 85' lang='lat' dir='ltr'>circulis</span> <span class='ocrx_word' id='word_1_738' title='bbox 544 5150 658 5210; x_wconf 90' lang='lat' dir='ltr'>semper</span> <span class='ocrx_word' id='word_1_739' title='bbox 689 5150 751 5195; x_wconf 88' lang='lat' dir='ltr'>esse</span> <span class='ocrx_word' id='word_1_740' title='bbox 774 5133 933 5210; x_wconf 77' lang='lat' dir='ltr'>iubentur,</span> <span class='ocrx_word' id='word_1_741' title='bbox 965 5140 997 5194; x_wconf 93' lang='lat' dir='ltr'>ut</span> <span class='ocrx_word' id='word_1_742' title='bbox 1024 5151 1090 5196; x_wconf 90' lang='lat' dir='ltr'>cum</span> <span class='ocrx_word' id='word_1_743' title='bbox 1134 5132 1166 5192; x_wconf 90' lang='lat' dir='ltr'>in</span> <span class='ocrx_word' id='word_1_744' title='bbox 1185 5132 1357 5208; x_wconf 88' lang='lat' dir='ltr'>baptismate</span> <span class='ocrx_word' id='word_1_745' title='bbox 1377 5133 1457 5195; x_wconf 87' lang='lat' dir='ltr'>lilius</span> <span class='ocrx_word' id='word_1_746' title='bbox 1480 5141 1508 5194; x_wconf 91' lang='lat' dir='ltr'>et</span> <span class='ocrx_word' id='word_1_747' title='bbox 1531 5135 1559 5194; x_wconf 91' lang='lat' dir='ltr'>in</span> <span class='ocrx_word' id='word_1_748' title='bbox 1580 5134 1711 5195; x_wconf 90' lang='lat' dir='ltr'>doctrina</span> <span class='ocrx_word' id='word_1_749' title='bbox 1728 5129 1985 5209; x_wconf 74' lang='lat' dir='ltr'>discipulussicvt</span> 
     </span>
    </p>
   </div>
   <div class='ocr_carea' id='block_1_4' title="bbox 220 5221 2021 5300">
    <p class='ocr_par' dir='ltr' id='par_1_4' title="bbox 220 5221 2021 5300">
     <span class='ocr_line' id='line_1_56' title="bbox 220 5221 2021 5300; baseline -0.003 -15"><span class='ocrx_word' id='word_1_750' title='bbox 220 5225 340 5300; x_wconf 84' lang='lat' dir='ltr'>portari</span> <span class='ocrx_word' id='word_1_751' title='bbox 364 5240 460 5283; x_wconf 90' lang='lat' dir='ltr'>arcam</span> <span class='ocrx_word' id='word_1_752' title='bbox 484 5226 685 5300; x_wconf 90' lang='lat' dir='ltr'>opportunitas</span> <span class='ocrx_word' id='word_1_753' title='bbox 704 5225 806 5299; x_wconf 80' lang='lat' dir='ltr'>exigit,</span> <span class='ocrx_word' id='word_1_754' title='bbox 838 5225 873 5284; x_wconf 90' lang='lat' dir='ltr'>do</span> <span class='ocrx_word' id='word_1_755' title='bbox 895 5224 1093 5285; x_wconf 88' lang='lat' dir='ltr'>intromitten—</span> <span class='ocrx_word' id='word_1_756' title='bbox 1134 5236 1202 5282; x_wconf 90' lang='lat' dir='ltr'>cum</span> <span class='ocrx_word' id='word_1_757' title='bbox 1231 5223 1402 5284; x_wconf 79' lang='lat' dir='ltr'>referentem</span> <span class='ocrx_word' id='word_1_758' title='bbox 1428 5228 1508 5298; x_wconf 88' lang='lat' dir='ltr'>gesta</span> <span class='ocrx_word' id='word_1_759' title='bbox 1535 5221 1692 5285; x_wconf 89' lang='lat' dir='ltr'>Salvatoris</span> <span class='ocrx_word' id='word_1_760' title='bbox 1716 5222 1847 5292; x_wconf 86' lang='lat' dir='ltr'>audivit,</span> <span class='ocrx_word' id='word_1_761' title='bbox 1874 5222 1914 5280; x_wconf 88' lang='lat' dir='ltr'>ita</span> <span class='ocrx_word' id='word_1_762' title='bbox 1938 5232 1983 5293; x_wconf 84' lang='lat' dir='ltr'>per</span> <span class='ocrx_word' id='word_1_763' title='bbox 2020 5281 2021 5290; x_wconf 59' lang='grc'>,</span> 
     </span>
    </p>
   </div>
   <div class='ocr_carea' id='block_1_5' title="bbox 233 5309 2021 5570">
    <p class='ocr_par' dir='ltr' id='par_1_5' title="bbox 233 5309 2021 5570">
     <span class='ocr_line' id='line_1_57' title="bbox 233 5309 2021 5398; baseline -0.003 -27"><span class='ocrx_word' id='word_1_764' title='bbox 233 5311 279 5372; x_wconf 93' lang='lat' dir='ltr'>dis</span> <span class='ocrx_word' id='word_1_765' title='bbox 299 5313 431 5374; x_wconf 91' lang='lat' dir='ltr'>vectibus</span> <span class='ocrx_word' id='word_1_766' title='bbox 451 5312 533 5373; x_wconf 90' lang='lat' dir='ltr'>nulla</span> <span class='ocrx_word' id='word_1_767' title='bbox 553 5314 686 5389; x_wconf 89' lang='lat' dir='ltr'>portandi</span> <span class='ocrx_word' id='word_1_768' title='bbox 706 5314 826 5374; x_wconf 89' lang='lat' dir='ltr'>tarditas</span> <span class='ocrx_word' id='word_1_769' title='bbox 844 5322 1009 5390; x_wconf 88' lang='lat' dir='ltr'>generetur,</span> <span class='ocrx_word' id='word_1_770' title='bbox 1023 5315 1095 5390; x_wconf 90' lang='lat' dir='ltr'>quia</span> <span class='ocrx_word' id='word_1_771' title='bbox 1134 5309 1317 5386; x_wconf 90' lang='lat' dir='ltr'>inobliquam</span> <span class='ocrx_word' id='word_1_772' title='bbox 1337 5311 1406 5371; x_wconf 86' lang='lat' dir='ltr'>fidei</span> <span class='ocrx_word' id='word_1_773' title='bbox 1423 5312 1571 5373; x_wconf 87' lang='lat' dir='ltr'>relationis</span> <span class='ocrx_word' id='word_1_774' title='bbox 1590 5312 1699 5373; x_wconf 89' lang='lat' dir='ltr'>lineam</span> <span class='ocrx_word' id='word_1_775' title='bbox 1716 5311 1819 5372; x_wconf 88' lang='lat' dir='ltr'>llome</span> <span class='ocrx_word' id='word_1_776' title='bbox 1838 5315 1983 5384; x_wconf 61' lang='lat' dir='ltr'>roffltnsa</span> <span class='ocrx_word' id='word_1_777' title='bbox 2020 5337 2021 5398; x_wconf 65' lang='lat' dir='ltr'>t</span> 
     </span>
     <span class='ocr_line' id='line_1_58' title="bbox 235 5399 2021 5480; baseline 0.001 -22"><span class='ocrx_word' id='word_1_778' title='bbox 235 5399 370 5461; x_wconf 84' lang='lat' dir='ltr'>videlicet</span> <span class='ocrx_word' id='word_1_779' title='bbox 395 5417 463 5462; x_wconf 92' lang='lat' dir='ltr'>cum</span> <span class='ocrx_word' id='word_1_780' title='bbox 486 5401 638 5476; x_wconf 88' lang='lat' dir='ltr'>spirituale</span> <span class='ocrx_word' id='word_1_781' title='bbox 665 5403 819 5478; x_wconf 89' lang='lat' dir='ltr'>aliquida</span> <span class='ocrx_word' id='word_1_782' title='bbox 847 5403 973 5463; x_wconf 92' lang='lat' dir='ltr'>subditis</span> <span class='ocrx_word' id='word_1_783' title='bbox 998 5410 1094 5478; x_wconf 91' lang='lat' dir='ltr'>pastor</span> <span class='ocrx_word' id='word_1_784' title='bbox 1134 5400 1273 5462; x_wconf 89' lang='lat' dir='ltr'>iratribus</span> <span class='ocrx_word' id='word_1_785' title='bbox 1303 5402 1495 5480; x_wconf 89' lang='lat' dir='ltr'>Evangelium</span> <span class='ocrx_word' id='word_1_786' title='bbox 1527 5402 1660 5478; x_wconf 84' lang='lat' dir='ltr'>scripsit,</span> <span class='ocrx_word' id='word_1_787' title='bbox 1689 5403 1763 5463; x_wconf 86' lang='lat' dir='ltr'>sicut</span> <span class='ocrx_word' id='word_1_788' title='bbox 1795 5409 1825 5462; x_wconf 90' lang='lat' dir='ltr'>et</span> <span class='ocrx_word' id='word_1_789' title='bbox 1855 5400 1983 5460; x_wconf 77' lang='lat' dir='ltr'>danes</span> <span class='ocrx_word' id='word_1_790' title='bbox 2020 5411 2021 5418; x_wconf 53' lang='lat'>¹</span> 
     </span>
     <span class='ocr_line' id='line_1_59' title="bbox 237 5489 1985 5570; baseline 0.001 -20"><span class='ocrx_word' id='word_1_791' title='bbox 237 5492 408 5566; x_wconf 89' lang='lat' dir='ltr'>inquiritur,</span> <span class='ocrx_word' id='word_1_792' title='bbox 431 5493 658 5568; x_wconf 86' lang='lat' dir='ltr'>ignominiosum</span> <span class='ocrx_word' id='word_1_793' title='bbox 672 5494 756 5554; x_wconf 91' lang='lat' dir='ltr'>valde</span> <span class='ocrx_word' id='word_1_794' title='bbox 776 5497 830 5565; x_wconf 90' lang='lat' dir='ltr'>est,</span> <span class='ocrx_word' id='word_1_795' title='bbox 850 5493 875 5552; x_wconf 92' lang='lat' dir='ltr'>si</span> <span class='ocrx_word' id='word_1_796' title='bbox 895 5500 964 5553; x_wconf 92' lang='lat' dir='ltr'>tunc</span> <span class='ocrx_word' id='word_1_797' title='bbox 982 5497 1094 5570; x_wconf 83' lang='lat' dir='ltr'>querat</span> <span class='ocrx_word' id='word_1_798' title='bbox 1134 5490 1354 5553; x_wconf 77' lang='lat' dir='ltr'>Alexandrinus</span> <span class='ocrx_word' id='word_1_799' title='bbox 1380 5498 1409 5552; x_wconf 88' lang='lat' dir='ltr'>et</span> <span class='ocrx_word' id='word_1_800' title='bbox 1434 5492 1536 5568; x_wconf 88' lang='lat' dir='ltr'>Papias</span> <span class='ocrx_word' id='word_1_801' title='bbox 1569 5491 1808 5568; x_wconf 77' lang='lat' dir='ltr'>Hierapolitanos</span> <span class='ocrx_word' id='word_1_802' title='bbox 1838 5489 1985 5566; x_wconf 62' lang='lat' dir='ltr'>epirum</span> 
     </span>
    </p>
   </div>
   <div class='ocr_carea' id='block_1_6' title="bbox 203 5575 1983 5658">
    <p class='ocr_par' dir='ltr' id='par_1_6' title="bbox 203 5575 1983 5658">
     <span class='ocr_line' id='line_1_60' title="bbox 203 5575 1983 5658; baseline 0.005 -18"><span class='ocrx_word' id='word_1_803' title='bbox 203 5633 207 5640; x_wconf 91' lang='lat'>.</span> <span class='ocrx_word' id='word_1_804' title='bbox 238 5580 349 5640; x_wconf 83' lang='lat' dir='ltr'>discere</span> <span class='ocrx_word' id='word_1_805' title='bbox 368 5596 436 5641; x_wconf 82' lang='lat' dir='ltr'>crum</span> <span class='ocrx_word' id='word_1_806' title='bbox 454 5582 646 5655; x_wconf 85' lang='lat' dir='ltr'>questionem</span> <span class='ocrx_word' id='word_1_807' title='bbox 666 5582 751 5642; x_wconf 86' lang='lat' dir='ltr'>debet</span> <span class='ocrx_word' id='word_1_808' title='bbox 772 5581 905 5642; x_wconf 89' lang='lat' dir='ltr'>enodare.</span> <span class='ocrx_word' id='word_1_809' title='bbox 924 5580 979 5642; x_wconf 88' lang='lat' dir='ltr'>Sed</span> <span class='ocrx_word' id='word_1_810' title='bbox 999 5581 1095 5642; x_wconf 87' lang='lat' dir='ltr'>circu·-</span> <span class='ocrx_word' id='word_1_811' title='bbox 1137 5582 1263 5642; x_wconf 78' lang='lat' dir='ltr'>tradam.</span> <span class='ocrx_word' id='word_1_812' title='bbox 1294 5582 1508 5658; x_wconf 78' lang='lat' dir='ltr'>assumptoque</span> <span class='ocrx_word' id='word_1_813' title='bbox 1534 5596 1605 5642; x_wconf 78' lang='lat' dir='ltr'>mox</span> <span class='ocrx_word' id='word_1_814' title='bbox 1630 5579 1797 5656; x_wconf 87' lang='lat' dir='ltr'>Evangelio,</span> <span class='ocrx_word' id='word_1_815' title='bbox 1823 5576 1901 5655; x_wconf 86' lang='lat' dir='ltr'>quoti</span> <span class='ocrx_word' id='word_1_816' title='bbox 1925 5575 1983 5649; x_wconf 84' lang='lat' dir='ltr'>ipae</span> 
     </span>
    </p>
   </div>
   <div class='ocr_carea' id='block_1_7' title="bbox 235 5664 1982 5747">
    <p class='ocr_par' dir='ltr' id='par_1_7' title="bbox 235 5664 1982 5747">
     <span class='ocr_line' id='line_1_61' title="bbox 235 5664 1982 5747; baseline 0.001 -20"><span class='ocrx_word' id='word_1_817' title='bbox 235 5668 273 5729; x_wconf 89' lang='lat' dir='ltr'>lis</span> <span class='ocrx_word' id='word_1_818' title='bbox 296 5673 392 5728; x_wconf 86' lang='lat' dir='ltr'>vectes</span> <span class='ocrx_word' id='word_1_819' title='bbox 416 5666 587 5740; x_wconf 82' lang='lat' dir='ltr'>inhereant,</span> <span class='ocrx_word' id='word_1_820' title='bbox 612 5675 647 5730; x_wconf 84' lang='lat' dir='ltr'>at</span> <span class='ocrx_word' id='word_1_821' title='bbox 672 5669 802 5731; x_wconf 71' lang='lat' dir='ltr'>doceres</span> <span class='ocrx_word' id='word_1_822' title='bbox 826 5685 939 5745; x_wconf 88' lang='lat' dir='ltr'>sempor</span> <span class='ocrx_word' id='word_1_823' title='bbox 968 5669 999 5732; x_wconf 90' lang='lat' dir='ltr'>in</span> <span class='ocrx_word' id='word_1_824' title='bbox 1032 5669 1096 5733; x_wconf 88' lang='lat' dir='ltr'>suis</span> <span class='ocrx_word' id='word_1_825' title='bbox 1135 5670 1310 5744; x_wconf 77' lang='lat' dir='ltr'>conteeant,</span> <span class='ocrx_word' id='word_1_826' title='bbox 1334 5670 1458 5747; x_wconf 83' lang='lat' dir='ltr'>impiger</span> <span class='ocrx_word' id='word_1_827' title='bbox 1479 5671 1540 5732; x_wconf 82' lang='lat' dir='ltr'>adit</span> <span class='ocrx_word' id='word_1_828' title='bbox 1560 5670 1729 5747; x_wconf 72' lang='lat' dir='ltr'>Egyptnm,</span> <span class='ocrx_word' id='word_1_829' title='bbox 1748 5674 1778 5732; x_wconf 86' lang='lat' dir='ltr'>ot</span> <span class='ocrx_word' id='word_1_830' title='bbox 1800 5664 1982 5731; x_wconf 74' lang='lat' dir='ltr'>disnodrio</span> 
     </span>
    </p>
   </div>
   <div class='ocr_carea' id='block_1_8' title="bbox 0 0 2061 6209">
    <p class='ocr_par' dir='ltr' id='par_1_8' title="bbox 0 0 2061 6209">
     <span class='ocr_line' id='line_1_62' title="bbox 0 0 2061 6209; baseline 0 0"><span class='ocrx_word' id='word_1_831' title='bbox 0 0 2061 6209; x_wconf 95' lang='lat' dir='ltr'> </span> 
     </span>
    </p>
   </div>
  </div>
 </body>
</html>
