4100 6209
104 315 156 375 753
860 316 984 378 satha
1002 315 1105 376 XLVI.
1392 327 1401 335 “
1804 314 1869 375 751

106 440 178 502 Sion
191 441 285 501 dicet:
301 440 406 514 Homo,
422 448 451 500 et
469 443 556 502 homo
571 442 663 504 iactus
681 450 723 503 est
741 459 780 503 ex
799 460 843 516 ea,
858 449 887 504 et
900 443 1066 520 ipsellsuis
1084 441 1171 502 totius
1185 441 1264 502 orbis
1280 457 1397 518 campos
1414 443 1492 502 velut
1508 442 1581 503 rosis
1598 449 1627 503 et
1649 442 1719 502 liliis
1737 443 1855 503 decora·

105 529 241 590 laudarit
264 544 330 588 eam
353 528 520 591 ditissimas
541 535 627 604 (Paul.
645 542 814 601 manvia»
841 531 960 594 Creatus
1001 531 1053 591 rit.
1072 530 1236 606 Singularis
1250 533 1561 607 namquedossanctae
1575 533 1711 592 Ecclesiae
1726 533 1855 608 ipseest,

105 624 147 677 est
164 631 205 676 en
222 633 256 677 ea
274 631 364 693 quam
382 619 500 690 crearit,
519 625 648 693 portatus
666 627 709 679 est
733 618 869 680 manibus
889 635 962 693 quas
1001 622 1078 681 sicut
1099 621 1135 681 de
1149 623 1302 698 semetipso
1324 623 1356 682 in
1372 623 1498 683 Canticis
1518 624 1696 684 canticorum
1714 624 1855 697 loquitur,

104 706 252 778 formarit,
268 706 453 767 suxitubera
470 708 804 783 quareplevit,puella
822 710 960 769 confore-
1000 712 1100 772 dicens
1131 733 1137 771 :
1173 713 1261 786 ango
1285 714 1339 772 llos
1364 713 1469 789 campi,
1498 721 1527 773 et
1555 713 1652 773 lilium
1676 713 1856 773 convallium

103 796 190 857 batur
217 797 249 855 in
267 795 379 871 gremio
404 797 667 871 euemvastissima
690 799 756 857 eoeli
776 813 835 856 non
861 797 962 873 recipit
999 803 1091 876 (Cant.
1112 803 1184 868 111.»
1212 800 1274 859 lloc
1299 800 1396 861 lilium
1420 818 1479 861 aon
1503 804 1536 861 in
1562 802 1723 874 montibus,
1750 801 1854 860 sedin

104 883 237 957 latitudo,
257 884 418 959 puerilibus
434 885 530 944 fasciis
553 883 721 959 cingebatur
739 886 790 960 qui
809 885 961 945 immensi·
1001 886 1183 948 convallibus
1209 887 1347 962 nascitur,
1367 889 1438 963 quia
1458 890 1590 963 superbis
1620 889 1697 949 Deus
1720 889 1857 949 resistens

107 979 196 1034 tatem
211 975 290 1034 orbis
309 979 393 1034 terrae
406 972 518 1049 pugillo
536 974 745 1049 complectitur,
759 975 860 1035 matris
879 991 962 1049 pare·
1001 979 1033 1038 in
1061 977 1221 1039 humilium
1248 978 1385 1038 cordibus
1411 979 1568 1039 iuvenitur.
1601 979 1710 1039 Litium
1737 986 1857 1039 reamur

105 1063 352 1138 batarbitrioqui
366 1064 501 1123 omnium
515 1079 613 1123 rerum
629 1064 697 1139 jura
712 1080 766 1124 suo
780 1065 962 1139 gubernabat
1001 1066 1146 1139 Christus,
1169 1067 1265 1127 lilium
1289 1068 1397 1127 dicitur
1414 1076 1443 1127 et
1466 1075 1558 1127 mater
1582 1066 1700 1138 Christi,
1723 1068 1798 1127 sicat
1824 1068 1856 1125 iu

103 1154 238 1229 imperio,
254 1152 386 1225 vagiebat
404 1151 435 1210 in
456 1151 681 1227 >cunabulisqui
701 1154 870 1228 angelorum
888 1169 962 1228 gau·
1001 1155 1102 1215 εοᾶεε]
1131 1156 1248 1215 Cantieo
1278 1155 1459 1216 subinfertur
1486 1180 1493 1216 :
1524 1154 1635 1216 «Sicut
1663 1154 1858 1215 liliuminter

103 1242 189 1303 dium
203 1250 264 1301 erat
282 1241 313 1299 iu
329 1239 422 1312 coelis,
438 1239 548 1301 vilibus
561 1241 709 1314 tegebatur
727 1237 894 1316 crepundiis
910 1244 961 1318 qui
1001 1244 1110 1318 spinas,
1132 1244 1174 1302 sie
1196 1244 1290 1304 amica
1319 1261 1384 1304 mea
1409 1245 1487 1304 inter
1510 1245 1587 1304 filias
1610 1247 1744 1319 1111111.»
1777 1242 1859 1302 Sicut

103 1332 211 1393 clectos
233 1346 302 1391 suos
320 1329 392 1390 stola
414 1328 512 1387 induit
537 1328 772 1402 immortalitatis,
802 1331 962 1406 imperabat
1002 1329 1190 1392 liliuminter
1208 1332 1317 1407 spinas,
1337 1334 1379 1393 sic
1394 1332 1561 1392 beatissima
1581 1334 1662 1406 virgo
1679 1333 1769 1392 Maria
1793 1332 1856 1392 eni·

101 1420 149 1480 illi
169 1418 268 1495 puella
285 1417 334 1477 cui
352 1423 456 1477 cancta
482 1417 680 1491 obtemperant
698 1426 727 1476 et
743 1418 883 1478 obediunt
901 1418 961 1478 cle·
1003 1422 1058 1481 tuit
1076 1422 1152 1480 inter
1171 1419 1264 1492 lilias3
1284 1437 1350 1497 quae
1369 1422 1404 1480 de
1426 1422 1543 1496 spinosa
1567 1423 1724 1497 propagine
1745 1420 1859 1481 tadeo

101 1507 286 1569 montesio
312 1522 439 1582 namque
470 1509 502 1564 in
530 1505 688 1580 Evangelio
716 1507 855 1580 scriptum
881 1514 923 1567 est
951 1531 958 1566 ε
1003 1528 1069 1572 rum
1093 1517 1171 1592 nata,
1192 1511 1379 1571 candescebat
1399 1511 1542 1571 munditia
1560 1511 1700 1584 virgineae
1722 1511 1860 1570 castitatis

104 1621 117 1648 ·
134 1596 210 1668 Quia
236 1596 317 1656 veuit
353 1611 420 1654 cum
448 1593 616 1669 parentibus
655 1595 806 1667 Nazareth,
832 1602 860 1654 et
901 1602 962 1655 erat
1000 1601 1032 1660 in
1058 1616 1187 1675 corpore,
1216 1600 1431 1660 flammescebat
1456 1608 1555 1659 autem
1592 1600 1696 1658 ardore
1733 1597 1860 1669 geminas

100 1686 240 1745 subditus
251 1685 311 1745 illis
320 1689 398 1755 (lue.
411 1690 485 1755 11)·‘³
1000 1691 1147 1751 charitatis
1178 1690 1211 1750 in
1239 1700 1345 1763 mente,
1370 1691 1516 1764 fragrabat
1546 1691 1651 1764 passim
1677 1688 1763 1746 odore
1789 1688 1860 1748 boni

23 1786 24 1791 ¹
139 1771 244 1833 Merito
259 1773 356 1848 itaque
371 1772 453 1832 beata
467 1771 556 1831 Maria
570 1772 677 1832 dicitur
690 1788 794 1848 parens
809 1775 1107 1864 parientisssoperis,
1134 1777 1268 1841 tendebat
1295 1782 1331 1841 ad
1357 1781 1496 1841 sublimia
1528 1779 1691 1838 intentione
1723 1777 1860 1838 contiuua

100 1861 200 1922 oriens
212 1861 342 1932 orientis,
361 1862 427 1920 lons
441 1860 529 1922 fontis
543 1861 614 1932 viri,
631 1862 712 1937 origo
725 1862 872 1939 principii,
889 1866 959 1939 quia
1004 1871 1109 1931 cordis.

100 1949 154 2009 ille
176 1966 214 2008 ex
230 1965 264 2008 eet
282 1950 388 2024 prodiit
405 1965 457 2026 per
470 1950 622 2010 materiam
644 1952 740 2011 carnis
756 1953 806 2027 qui
819 1962 906 2026 eaput
919 1959 963 2013 est
1041 1960 1184 2021 Nonnulli
1203 1967 1311 2031 autem,
1333 1959 1403 2018 dum
1422 1959 1489 2035 plus
1506 1975 1605 2033 sapere
1623 1973 1710 2033 quam
1733 1960 1862 2031 oporteat

100 2048 131 2099 et
150 2041 271 2100 initium
297 2043 431 2101 omnium
455 2057 552 2101 rerum
578 2058 630 2116 per
657 2044 811 2101 essentiam
837 2043 960 2105 deitatis.
1006 2065 1106 2125 sapere
1136 2049 1273 2125 gestiunt,
1301 2049 1369 2123 quis
1393 2048 1638 2125 patenamque
1654 2051 1746 2105 mater
1770 2047 1862 2105 beatae

100 2128 176 2188 Haec
188 2136 233 2190 est
245 2130 372 2205 denique
384 2137 465 2205 porta
478 2130 541 2203 illa,
558 2131 593 2189 de
610 2145 668 2206 qua
682 2131 816 2191 Ezechiel
832 2139 964 2230 testatur,
1005 2138 1106 2198 Marias
1121 2138 1218 2211 tuerit,
1233 2136 1329 2197 studio
1343 2137 1498 2212 superfluae
1509 2136 1683 2195 curiositatis
1694 2134 1860 2209 inquirant.

101 2219 204 2282 dicens
222 2242 229 2282 :
246 2245 260 2274 ι
276 2223 496 2293 Convenitne,
513 2222 621 2297 innuit,
638 2223 675 2282 ad
689 2222 769 2282 tiam
787 2233 877 2299 portas
896 2243 964 2285 san·
1008 2225 1065 2286 Sed
1078 2227 1187 2301 aliquis
1199 2227 1291 2286 lector
1303 2227 1393 2285 nimis
1405 2227 1548 2287 inutiliter
1559 2224 1663 2301 quaerit
1678 2223 1755 2300 quod
1769 2239 1861 2282 evan·

101 2313 209 2372 ctuarii
233 2312 395 2384 exterioris,
415 2329 482 2388 quae
506 2312 677 2388 respiciebat
699 2315 736 2373 ad
763 2315 916 2388 orientem,
937 2326 965 2377 et
1006 2318 1109 2391 gelista
1129 2333 1246 2376 narrare
1264 2317 1445 2392 superfluum
1465 2316 1561 2376 duxit.
1579 2315 1610 2376 Si
1625 2313 1703 2374 enim
1721 2314 1790 2375 huic
1808 2329 1861 2373 no-

102 2405 169 2463 haec
190 2412 252 2464 erat
270 2403 380 2464 clausa.
400 2403 437 2462 Et
452 2403 529 2463 dixit
549 2403 691 2464 Dominus
717 2405 753 2463 ad
782 2421 852 2464 me:
882 2407 965 2467 Porta
1008 2405 1080 2465 tiriae
1099 2405 1256 2465 utilitatem
1275 2405 1372 2465 inesse
1393 2411 1588 2479 cognosceret,
1610 2419 1794 2479 nequaquam
1814 2417 1871 2460 no·

100 2497 178 2565 haec,
206 2510 295 2570 auam
315 2494 405 2565 rides,
425 2493 523 2553 clausa
545 2493 609 2566 erit,
630 2501 658 2552 et
681 2509 740 2554 non
768 2495 921 2570 aperietur,
937 2506 966 2557 et
1007 2495 1075 2554 bilis
1094 2496 1250 2556 historicus
1267 2512 1329 2556 rem
1346 2496 1538 2555 necessariam
1558 2494 1674 2554 silentio
1693 2492 1861 2568 praeteriret.

104 2584 154 2642 vir
181 2599 240 2644 non
266 2584 402 2643 transibit
418 2598 470 2657 per
491 2599 565 2653 eam,
590 2589 619 2641 et
643 2598 757 2657 semper
783 2585 837 2643 erit
866 2584 965 2646 clausa
1008 2583 1166 2644 Sciendum
1193 2598 1261 2643 tero
1288 2591 1331 2643 est
1355 2584 1436 2643 hunc
1454 2600 1516 2643 esse
1536 2599 1645 2642 morem
1674 2580 1863 2657 scriptoribus

101 2678 216 2745 (Erech
244 2680 339 2744 1111).
363 2699 377 2724 »
409 2674 481 2733 Vere
501 2689 614 2747 semper
635 2672 744 2744 clausa,
763 2673 832 2746 quia
851 2689 966 2750 semper
1006 2675 1080 2733 sacri
1101 2674 1210 2750 eloquii
1236 2682 1278 2748 ut,
1303 2673 1379 2735 sicut
1401 2675 1517 2734 student
1539 2686 1652 2746 semper
1676 2670 1762 2731 silere
1786 2670 1863 2745 quod

101 2762 281 2837 incorrupta.
310 2764 481 2836 Incorrupta
518 2769 587 2820 ante
620 2764 763 2835 partum,
796 2761 964 2836 incorrupta
1005 2762 1097 2833 obest,
1120 2763 1161 2821 sic
1180 2762 1266 2821 etiam
1285 2763 1390 2822 referre
1413 2759 1576 2835 despiciunt
1602 2757 1679 2835 quod
1702 2757 1776 2818 scire
1802 2773 1862 2817 non

102 2859 168 2926 post
195 2859 327 2926 partum,
355 2851 523 2925 concipiens
550 2850 668 2921 virum,
693 2850 826 2908 nesciens
852 2851 962 2922 virum,
1005 2852 1130 2926 prodest.
1160 2852 1327 2927 Aliquando
1356 2858 1453 2912 autem
1470 2852 1501 2912 in
1521 2866 1601 2911 sacra
1621 2849 1770 2932 Scriptura
1794 2847 1865 2907 certi

100 2942 182 3002 sicut
210 2957 260 3015 per
283 2942 439 3002 ieremiam
460 2940 590 3000 dicitnr:
612 2939 735 2998 «Faciet
751 2939 896 2999 Dominus
913 2957 964 3001 uo-
1005 2956 1091 2999 causa
1106 2940 1236 3015 mysterii
1256 2941 1367 3016 aliquid
1394 2940 1634 3016 pretermittitur,
1653 2947 1685 2998 ut
1703 2938 1765 3013 ipso
1780 2935 1864 3008 quusi

102 3046 176 3088 rum
202 3045 290 3103 super
328 3037 443 3094 terram,
471 3036 500 3089 ει
525 3044 590 3088 εεεε
626 3028 734 3088 mulier
772 3027 965 3089 circumdabit
1005 3031 1149 3091 clamante
1175 3031 1290 3090 silentio
1310 3046 1450 3106 magnum
1470 3030 1583 3106 aliquid
1605 3029 1756 3087 sentiatur.
1783 3026 1865 3086 Sicut

103 3120 204 3179 virum
219 3121 287 3195 (Jer.
303 3128 405 3192 11111).
421 3142 435 3174 r
972 3127 1049 3218 cest
1061 3120 1140 3196 quod
1153 3119 1364 3180 Melchisedech
1379 3120 1409 3179 in
1425 3120 1531 3180 veteris
1541 3118 1706 3178 narratione
1722 3115 1862 3188 historiar,

137 3208 326 3270 Gaudeamus
345 3210 453 3287 itaque,
474 3208 666 3282 dilectissimi,
686 3212 714 3267 ει
731 3208 913 3268 exsultemus
930 3208 961 3267 in
1005 3211 1069 3271 sine
1079 3217 1169 3285 patre,
1178 3211 1242 3270 sine
1255 3217 1357 3282 matre,
1368 3209 1432 3268 sine
1445 3209 1612 3283 genealogia
1624 3224 1675 3283 per
1687 3206 1807 3281 Moysen
1819 3204 1864 3263 in-

100 3298 255 3357 nativitate
284 3299 458 3358 beatissimte
485 3299 538 3359 Dei
576 3298 726 3374 genitricis
757 3298 867 3371 Mariae,
894 3314 962 3373 quaa
1005 3299 1168 3360 traducitur
1181 3300 1259 3369 (den.
1275 3300 1443 3368 xrv;llebr.
1456 3308 1519 3369 vn),
1531 3305 1563 3357 ut
1576 3296 1708 3356 videlicet
1720 3295 1863 3365 Christus,

100 3403 216 3448 norum
232 3389 343 3449 mundo
360 3388 506 3449 nuntiarit
526 3390 678 3464 gaudium,
696 3396 725 3448 et
750 3389 837 3449 totius
853 3389 963 3449 exstitit
1003 3389 1056 3464 qui
1082 3394 1125 3447 est
1152 3386 1284 3469 sacerdos
1309 3385 1472 3445 secuudum
1496 3385 1629 3446 ordinem
1653 3381 1863 3442 Melchisedech

101 3477 245 3537 humanae
264 3479 365 3539 salutis
384 3480 549 3540 exordium.
569 3479 767 3554 Exsultemus,
787 3481 918 3556 inquam,
934 3487 963 3541 et
1005 3481 1091 3551 (Psat.
1102 3483 1232 3550 clx)‚per
1241 3493 1310 3536 eum
1320 3475 1555 3551 significetur,de
1563 3490 1621 3551 quo
1628 3473 1766 3547 propheta
1775 3469 1860 3529 dicit:

99 3566 181 3627 sicut
206 3568 332 3641 gaudere
366 3567 495 3627 solemus
530 3569 562 3626 in
590 3567 742 3628 nativitate
774 3568 891 3640 Christi,
923 3569 963 3628 ita
1007 3559 1862 3640 1«Generatiouemenimejusquiseuarrabitt·(naun.)

98 3658 192 3717 etiam
216 3657 410 3717 nihilominus
429 3657 609 3731 gaudeamus
630 3657 662 3717 iu
685 3657 835 3717 nativitate
862 3659 963 3717 matris
1003 3657 1039 3716 In
1059 3656 1243 3729 generatione
1261 3660 1359 3712 autem
1378 3653 1484 3712 Christi
1499 3652 1560 3711 illae
1582 3649 1711 3710 ordinari
1732 3662 1863 3724 personae

98 3745 224 3806 Christi.
239 3746 333 3809 Hodie
348 3753 415 3807 nata
435 3752 478 3806 est
492 3746 593 3821 regina
607 3746 721 3817 mundi,
737 3744 862 3805 fenestra
883 3745 960 3818 coeli,
1005 3748 1109 3807 merito
1136 3745 1311 3815 debuerunt,
1341 3762 1392 3821 per
1417 3761 1491 3820 quas
1518 3743 1553 3803 ad
1577 3743 1685 3818 loseph
1713 3740 1863 3802 descensio

94 3836 194 3910 ianua
212 3836 349 3914 paradisi,
366 3836 586 3897 tabernaculum
601 3837 663 3911 Dei,
675 3836 759 3895 stella
773 3837 871 3909 maris,
885 3837 962 3897 scala
1004 3841 1097 3910 tieret,
1111 3852 1169 3896 non
1188 3836 1224 3894 ad
1245 3835 1463 3909 Mariamque
1481 3836 1517 3894 de
1539 3851 1597 3895 una
1616 3850 1683 3893 eum
1703 3832 1766 3906 ipso
1786 3830 1862 3891 tribu

97 3923 238 3995 coeimtis,
253 3940 305 3999 per
318 3939 408 4000 quam
421 3940 568 4000 supernus
586 3925 651 3984 Rex
667 3923 839 3984 humiliatus
854 3925 963 3984 adime
1006 3929 1110 3998 luerat,
1135 3925 1301 3985 declinaret.
1326 3925 1510 3985 Consuetudo
1536 3923 1644 3999 quippe
1668 3925 1762 3981 hierat
1786 3927 1863 3979 rete·

98 4013 271 4085 deseendit;
302 4019 330 4073 et
352 4016 448 4088 homo,
473 4015 526 4090 qui
544 4021 702 4090 prostratus
719 4013 842 4088 J'acebat,
856 4013 892 4073 ad
912 4030 962 4074 sn·
1005 4033 1073 4077 rum
1086 4016 1162 4076 utin
1175 4015 1341 4090 genealogia
1356 4015 1485 4073 virorum
1500 4014 1550 4073 vix
1567 4010 1726 4086 aliquando
1744 4010 1863 4069 nomina

98 4119 196 4180 perna
226 4104 372 4165 exaltatus
407 4104 545 4166 ascendit.
578 4103 671 4163 Hodie
708 4103 844 4178 apparuit
881 4103 963 4163 stella
1004 4113 1145 4181 ponerent
1171 4103 1356 4163 feminarum.
1377 4102 1408 4162 Si
1431 4118 1499 4162 tero
1517 4102 1674 4162 mulierum
1693 4115 1785 4175 genus
1810 4114 1862 4158 ro·

99 4192 229 4264 mundo,
251 4207 411 4268 perquam
434 4190 484 4253 Sol
504 4192 626 4268 justitiae
647 4190 886 4252 illuritmundo.
909 4192 963 4251 Illa
1005 4194 1129 4255 luissent
1153 4193 1325 4261 describere,
1350 4208 1403 4267 per
1441 4191 1579 4251 mulieres
1611 4190 1685 4251 illud
1723 4188 1864 4248 curabant

99 4279 251 4353 videlieet,
273 4281 309 4340 de
327 4296 386 4356 qua
409 4296 460 4356 per
478 4280 647 4356 pmphetam
665 4279 772 4340 dicitur
791 4299 798 4339 ι
817 4303 831 4334 r
848 4279 964 4341 Orietur
1005 4282 1163 4357 aliquando
1190 4295 1355 4357 propagare.
1391 4280 1548 4339 httestatur
1577 4287 1682 4338 nostrae
1709 4276 1863 4337 assertioni

97 4372 190 4431 stella
207 4387 246 4430 ex
263 4370 362 4442 Jacob,
382 4377 411 4429 et
431 4376 568 4445 exsurget
592 4369 679 4429 homo
697 4368 734 4430 de
753 4369 843 4429 Israel
869 4372 960 4434 tham.
1006 4370 1100 4429 Lucas
1126 4368 1315 4442 evangelista,
1338 4368 1391 4443 qui
1411 4367 1580 4427 Zachariam
1607 4374 1716 4442 patrem
1743 4365 1864 4425 ioannis

97 4467 205 4534 xxiv).
221 4486 233 4512 ι
251 4461 344 4521 Hodie
360 4468 481 4521 nemost
499 4460 800 4536 splendidissimailla
814 4460 906 4536 virgo,
925 4475 962 4519 ex
1006 4474 1058 4534 per
1089 4456 1174 4516 virile
1203 4471 1296 4531 genus
1323 4454 1492 4527 ostendere,
1529 4456 1672 4514 Elisabeth
1708 4468 1777 4512 vero
1813 4467 1864 4527 per

95 4568 163 4629 qua
184 4551 321 4626 processit
345 4548 493 4623 speciosus
518 4550 611 4608 forma
633 4564 694 4623 prae
717 4547 787 4607 tiliis
809 4547 964 4608 homiuum
1007 4544 1237 4604 sexumcurarit
1250 4542 1425 4601 muliebrem
1438 4541 1600 4616 designare.
1628 4566 1638 4593 ·
1658 4541 1735 4612 Fuit,
1755 4539 1862 4612 inquit,

96 4651 246 4716 manuam
279 4656 402 4714 sponsus
430 4640 466 4698 de
492 4639 618 4699 thalamo
656 4654 710 4698 suo
743 4642 830 4708 (Psot.
866 4645 962 4709 11111).
1006 4633 1038 4691 in
1065 4632 1170 4691 diebus
1188 4631 1311 4690 Herodis
1334 4629 1411 4704 regis
1431 4629 1552 4700 iudaeae,
1578 4630 1710 4688 sacerdos
1732 4628 1864 4703 quidam,

94 4730 200 4790 Hodie
217 4728 324 4804 prodiit
341 4744 380 4788 ex
398 4735 480 4788 utero
503 4727 614 4798 matris,
641 4743 709 4803 quae
737 4725 877 4802 templum
902 4727 964 4786 lieri
1006 4725 1127 4784 nomine
1154 4720 1315 4794 Zacharias,
1336 4721 1371 4779 dc
1391 4719 1453 4779 rice
1471 4719 1557 4786 Abia,
1575 4725 1603 4778 et
1623 4734 1698 4778 uxor
1716 4717 1810 4776 illido
1826 4716 1861 4774 li-

93 4819 215 4881 meruit
237 4815 408 4878 divinitatis.
432 4816 523 4876 Hodie
537 4816 655 4890 impleta
669 4822 711 4874 est
731 4815 881 4890 prophetia
900 4814 962 4888 illa,
1006 4812 1102 4871 liebus
1118 4814 1215 4870 Aaron
1236 4814 1308 4885 ldae,
1331 4811 1390 4883 1).»
1412 4809 1449 4868 Ut
1468 4809 1609 4868 nimirum
1628 4822 1756 4880 congrue
1780 4806 1825 4864 111
1846 4821 1862 4862 a

92 4924 196 4986 quam
214 4907 343 4967 eximius
358 4908 564 4982 pmpbetarum
592 4904 680 4964 isaias
699 4904 783 4981 quasi
809 4919 901 4980 praeco
922 4904 964 4963 la·
1007 4906 1088 4976 viris,
1109 4903 1217 4964 semina
1231 4903 1380 4979 propagari
1397 4902 1574 4962 videretura
1591 4899 1718 4959 l'enrinis.

91 5011 170 5062 ctus
188 4999 225 5059 ad
243 4999 402 5059 adrentum
421 4997 531 5071 regins
548 4997 662 5069 mundi,
689 5012 794 5070 magna
813 5011 882 5055 voce
904 4994 964 5054 cla·
1042 4995 1196 5055 Matthaeus
1236 4994 1345 5072 igitur,
1371 4993 1422 5068 qui
1459 4990 1515 5050 viri
1547 4995 1732 5065 proposucmt
1759 4994 1863 5060 genus

91 5087 216 5159 mahat,
234 5085 354 5145 dicens:
380 5084 580 5160 «Egredietur
598 5085 679 5160 virga
703 5084 738 5144 de
759 5083 855 5142 radice
872 5082 962 5156 lesse,
1005 5084 1178 5156 describere,
1207 5083 1288 5142 illius
1314 5083 1434 5153 scilicet,
1464 5081 1500 5139 de
1530 5094 1590 5154 quo
1616 5096 1665 5154 pcr
1695 5075 1863 5151 prophetam

91 5187 127 5239 et
158 5176 214 5236 lios
229 5175 265 5236 de
285 5175 381 5235 radice
399 5175 464 5249 eius
482 5178 617 5236 ascendet
638 5177 702 5250 (isa.
726 5179 778 5242 1111.
795 5200 809 5225 u
832 5174 867 5232 111
890 5173 964 5233 bene
1005 5178 1134 5239 dicitur:
1153 5201 1166 5226 α
1184 5176 1257 5235 Ecce
1274 5176 1321 5234 vir
1339 5173 1443 5234 Oriens
1463 5187 1568 5231 nomen
1588 5172 1650 5246 eius
1669 5171 1761 5231 (loch.
1778 5175 1860 5238 erae

92 5271 171 5328 haec
188 5265 427 5340 incomparabilis
446 5264 534 5340 Virgo
556 5267 637 5341 virga
657 5259 730 5321 286
755 5266 870 5338 dieitur,
895 5282 962 5341 quae
1007 5268 1120 5327 erudite
1142 5280 1193 5341 per
1214 5264 1322 5338 loseph
1340 5260 1514 5321 descendere
1539 5260 1647 5326 volait;
1672 5256 1772 5316 Marias
1795 5268 1863 5313 vero

89 5365 126 5417 et
155 5370 209 5431 per
228 5354 421 5414 intentionem
441 5353 576 5415 desiderii
592 5355 627 5413 ad
643 5371 768 5429 superna
786 5354 915 5425 emicuit,
934 5363 963 5414 et
1007 5363 1141 5431 parentes
1155 5368 1264 5429 ponere
1282 5350 1462 5426 superfluum
1477 5348 1628 5423 judicavit.

88 5463 156 5523 per
188 5444 385 5504 sinceritatem
412 5444 482 5505 boni
509 5446 605 5519 operis
635 5443 763 5503 distortas
796 5442 965 5504 nodositatis
1042 5443 1097 5515 Qui
1119 5458 1187 5516 ergo
1205 5449 1361 5516 parentum
1382 5437 1482 5497 Marias
1499 5436 1632 5496 notitiam
1656 5435 1761 5495 habere
1785 5435 1862 5496 desi-

90 5536 214 5596 vitium
231 5550 290 5593 non
305 5534 439 5595 incurrit.
458 5534 498 5594 Me
511 5550 568 5610 qua
587 5532 669 5608 virga
682 5533 857 5607 Redemptor
869 5539 965 5592 noster
1006 5535 1096 5604 demt,
1120 5532 1287 5592 desemine
1313 5545 1377 5589 eam
1398 5527 1534 5597 Abrahae,
1558 5526 1593 5584 dc
1617 5525 1695 5585 tribu
1718 5525 1802 5596 luda,
1826 5526 1862 5583 de

87 5624 194 5702 onan
210 5625 266 5685 lios
282 5623 425 5696 ascendit,
444 5626 497 5700 qui
512 5624 689 5698 martyribus
703 5629 730 5684 et
749 5623 964 5684 contessoribus
1007 5623 1086 5696 regia
1099 5622 1188 5696 stirpe
1205 5619 1309 5692 David,
1328 5617 1510 5677 descendisse
1528 5623 1688 5690 eognoscat.
1709 5612 1783 5672 237
1803 5614 1862 5674 No·
