4100 6209
28 387 32 402 .
124 329 161 387 111
705 319 817 381 ιιιιιιιι
836 313 1012 390 oriturus,
1034 312 1152 373 nerse.
1174 311 1254 374 xrtr.
1804 333 1855 390 3„

26 511 27 516 ,
121 452 237 527 puerunt.
259 443 342 515 Quod
360 445 384 503 si
405 450 467 518 post
483 442 693 503 ordinationem
715 444 847 520 ministro
866 441 1091 504 conti-hearne,
1108 437 1262 496 utnulluur
1275 439 1367 499 iacere
1376 443 1586 505 subdiaconum
1596 455 1785 522 presumant,
1797 453 1854 511 uisi

25 517 27 598 ἶ
122 538 179 615 gerit
191 533 313 610 propriee
327 532 437 591 undare
456 532 551 592 cubile
569 534 681 604 uxoris,
704 532 821 591 sacrarii
837 547 896 590 nou
911 531 958 590 in·
1000 528 1052 600 qui
1066 542 1097 584 se
1110 534 1186 583 caste
1202 528 1346 588 victurum
1366 533 1547 607 promiserit;
1568 548 1712 611 quatenus
1731 550 1757 599 et
1779 557 1855 617 prse-

123 631 165 683 tret
186 622 297 694 limina,
330 635 384 679 nec
418 620 535 679 sacrarii
560 621 681 695 portitor
707 621 766 690 liat,
793 635 846 678 nec
872 620 960 676 altare
1001 615 1093 683 terite,
1109 621 1431 694 quoperpropositum
1446 625 1855 704 mentissppetitanoosunt,

121 712 261 786 modogat,
278 726 329 769 nec
347 710 383 769 ab
401 711 588 769 offerentibus
608 709 766 769 holocausti
784 709 960 770 oblationem
1001 703 1142 762 violenter
1157 719 1214 762 non
1237 706 1400 780 exigantur,
1421 718 1449 770 et
1470 713 1569 773 lutura
1586 725 1669 777 caute
1686 726 1853 780 careantur.

122 802 320 877 suscipiat,nec
339 801 375 859 ad
395 800 538 860 Dominici
553 802 679 875 corporis
698 800 859 876 portionem
879 814 959 857 acce-
1002 792 1058 863 Qut
1084 809 1153 852 vero
1179 803 1242 869 post
1275 799 1407 859 eamdem
1434 805 1669 878 prohibitionem,
1695 825 1762 884 quae
1789 819 1857 871 ante

25 867 27 890 ‘
121 895 168 952 yyy·
188 895 302 967 Aquam
317 891 497 949 fflcefdoymn
512 891 638 964 p0yngay
657 889 803 960 manibus,
822 889 895 947 ostia
918 889 961 947 ιο.
1003 881 1163 942 triennium
1179 885 1251 944 tacu
1264 895 1316 958 est,
1331 891 1512 952 continenter
1526 911 1593 955 cum
1606 899 1669 959 suis
1682 901 1857 976 conjugibus

25 975 27 1058 '3
122 982 239 1041 rinsecus
252 978 378 1048 claudat,
397 979 511 1039 minora
530 986 608 1053 geret
628 979 731 1052 officia,
754 992 873 1037 urceum
893 991 963 1035 sane
1003 970 1150 1044 vixerant,
1172 973 1319 1042 laudandi,
1340 987 1427 1055 atque
1450 989 1655 1047 remunerandi
1674 996 1807 1052 suntzet
1824 1001 1858 1054 ut

22 1061 26 1100 ³⁵
119 1070 148 1130 ad
160 1067 311 1129 salutarem
326 1067 513 1127 calicemnon
527 1075 670 1142 suggeret.
693 1094 707 1121 s
732 1067 768 1125 Et
780 1068 960 1143 paulopost:
1004 1061 1034 1118 in
1051 1061 1126 1119 boso
1141 1078 1193 1122 suo
1207 1079 1403 1140 permaneant,
1417 1073 1602 1135 exhortandi.
1614 1077 1670 1138 ilos
1683 1088 1793 1154 autem,
1805 1082 1857 1156 qui

24 1185 25 1196 ι
121 1159 271 1218 ,pyppyeug
286 1173 356 1217 pepo
372 1158 453 1217 301113
471 1156 507 1217 ad
526 1157 644 1216 femynae
663 1155 882 1217 tabernaculum
901 1172 960 1215 non
1003 1158 1066 1225 post
1085 1153 1309 1225 prohibitionem
1328 1158 1745 1228 iactamseasuisuxoribus
1763 1172 1856 1231 conti·

23 1269 24 1274 ¹
118 1247 230 1318 accedat,
246 1262 300 1305 nec
314 1253 445 1320 properet
459 1243 522 1304 sine
535 1245 653 1320 majoris
669 1252 739 1304 natu
752 1244 893 1318 principis
903 1245 963 1317 jus·
1003 1257 1073 1300 uere
1087 1245 1255 1316 noluerunt,
1271 1252 1422 1321 pervenire
1434 1252 1469 1311 sd
1483 1270 1598 1314 sacrum
1615 1259 1748 1320 ordinem
1769 1263 1857 1323 nolu·

119 1338 205 1396 done:
219 1351 273 1394 nec
290 1336 440 1409 presbyter
459 1333 540 1394 solus
557 1350 625 1393 cum
643 1334 703 1392 solo
723 1334 831 1393 lemina
850 1333 963 1392 fabulas
1005 1345 1085 1402 mus,
1099 1331 1167 1405 quia
1185 1334 1287 1394 nullus
1299 1336 1383 1397 debet
1396 1340 1432 1398 ad
1448 1341 1643 1404 ministerium
1658 1347 1757 1409 altaris
1774 1365 1857 1410 acce·

23 1435 24 1442 ¹
117 1425 234 1494 misceat,
246 1439 299 1482 nec
308 1421 743 1494 archidiaconus,autdiaconus
753 1423 807 1482 sub
817 1427 961 1497 pretextu
989 1418 1081 1488 dere,
1098 1419 1155 1477 nisi
1172 1422 1256 1496 quus
1270 1425 1386 1485 castitas
1398 1435 1465 1486 ante
1479 1441 1645 1508 susceptum
1661 1437 1857 1499 ministerium

117 1512 281 1573 humititatis
300 1519 327 1570 et
351 1511 438 1571 officii
460 1512 622 1586 frequentet
646 1511 792 1571 domicilia
815 1520 962 1571 matrona·
1003 1508 1092 1567 tuerit
1119 1510 1246 1583 probatu.
1276 1512 1350 1573 Item
1385 1524 1412 1574 et
1446 1517 1595 1581 decretum
1631 1524 1738 1585 Leonis
1774 1545 1857 1604 papas

22 1605 23 1608 ’
117 1607 246 1662 romzaut
258 1600 331 1660 lorte
344 1613 395 1675 per
406 1593 532 1669 clericos,
548 1607 599 1658 ant
615 1615 664 1674 per
678 1600 849 1660 domesticos
860 1607 963 1658 matro
1004 1597 1093 1668 (epist.
1122 1596 1168 1664 82,
1196 1615 1256 1673 cap.
1286 1601 1312 1674 i,
1341 1604 1379 1660 ad
1404 1607 1536 1667 Anactes.
1571 1615 1728 1688 Thessali:
1750 1638 1761 1668 ι
1785 1617 1857 1676 Nam

117 1706 157 1749 nce
167 1686 960 1763 mandentsecretumaliquid.Siagoitumiuerit,etille
1003 1695 1071 1743 curn
1094 1691 1176 1744 extra
1199 1687 1369 1749 clericorum
1396 1693 1529 1755 ordinem
1556 1702 1719 1763 constitutis
1741 1706 1859 1779 nuptia-

117 1782 280 1855 deponatur,
300 1785 328 1839 et
346 1780 397 1838 illa
421 1796 438 1838 a
458 1778 612 1838 liminibus
629 1779 760 1839 arceatur
779 1779 925 1839 Ecclesiae.
949 1789 1072 1861 -Brum
1097 1774 1235 1848 societati,
1259 1785 1287 1835 et
1313 1783 1506 1853 procreationi
1526 1786 1655 1848 liliorum
1683 1792 1806 1854 studere
1821 1797 1859 1855 sit

116 1867 144 1927 ln
156 1868 275 1928 Ilicoeuo
289 1869 376 1926 etium
395 1865 518 1926 concilio
535 1867 660 1927 dicitur:
677 1891 687 1917 ι
705 1865 840 1943 Innuptis
854 1876 962 1941 sutem,
1006 1864 1141 1936 liberum,
1156 1866 1191 1924 ad
1205 1860 1401 1930 exhibendam
1416 1879 1511 1934 lamen
1524 1878 1657 1950 perlecto
1671 1883 1858 1944 continentias

115 1960 160 2035 qui
175 1961 210 2018 ad
229 1960 342 2019 clerum
363 1959 489 2033 provecti
505 1965 584 2030 sunt,
602 1958 789 2034 precipimus
808 1967 850 2030 ut,
870 1959 895 2018 si
912 1975 964 2018 yo-
1005 1954 1171 2027 puriialem,
1187 1970 1242 2013 1100
1255 1956 1440 2020 subdiaconis
1458 1963 1577 2036 quidem
1597 1969 1778 2029 connubium
1796 1987 1859 2031 car·

115 2048 222 2119 luerint,
245 2063 354 2107 uxores
376 2048 528 2122 accipiant,
554 2048 602 2105 sed
632 2047 751 2108 lectores
773 2056 965 2124 cantoresque
1007 2041 1072 2100 osio
1085 2044 1273 2116 conceditur;
1291 2052 1363 2106 utet
1377 2050 1428 2123 oui
1446 2051 1562 2126 habeut,
1576 2056 1784 2134 siottonquam
1802 2077 1860 2121 non

118 2135 321 2197 tantummodo.
347 2158 361 2190 ι
382 2136 427 2195 Ex
453 2135 577 2195 coneilio
602 2151 718 2212 quoque
746 2135 965 2210 Carthaginensi
1006 2129 1165 2202 habentes;
1179 2135 1269 2207 etoui
1288 2151 1346 2195 uon
1361 2138 1479 2212 habent,
1494 2153 1683 2215 permaneant
1697 2147 1860 2222 singulares

115 2228 185 2294 (Can.
210 2231 303 2298 apost.
323 2224 379 2296 253
400 2225 583 2282 concsdurth.
600 2235 631 2294 v,
650 2239 711 2299 cap.
729 2224 756 2290 3)
769 2243 803 2282 :c
824 2223 966 2282 Prseteree
1007 2223 1033 2290 (l
1046 2222 1106 2280 Cor.
1121 2228 1185 2290 ιἰι).
1202 2222 1309 2294 »Quod
1320 2227 1345 2284 si
1357 2227 1386 2285 in
1402 2228 1456 2288 hoc
1468 2230 1581 2303 ordine,
1592 2236 1644 2308 qui
1657 2246 1779 2311 quartus
1791 2245 1861 2299 esta

115 2331 175 2373 cum
212 2315 250 2374 ds
285 2314 479 2388 quorumdam
504 2312 687 2384 clericorum,
717 2311 853 2386 quemvis
880 2311 965 2370 lecto·
1007 2308 1108 2386 capite,
1125 2308 1247 2385 dignum
1265 2320 1309 2372 est
1322 2317 1471 2390 custodiri,
1490 2328 1599 2394 quanto
1616 2324 1860 2400 magisaprimo,

114 2420 183 2475 rum,
213 2417 287 2477 erga
323 2417 430 2462 uxores
464 2403 595 2477 proprias
630 2401 840 2464 incontinentia
876 2403 967 2459 reter-
1008 2399 1053 2458 vel
1068 2403 1205 2474 secundo,
1221 2404 1531 2469 tertioreserrandum
1545 2417 1861 2493 estzne'autleritico,

115 2503 197 2565 retur,
219 2495 333 2570 placuit
351 2494 510 2568 episcopos,
532 2499 559 2551 et
575 2492 767 2567 presbyteros,
785 2499 813 2550 et
832 2491 968 2549 diaconos
1009 2495 1062 2547 aut
1085 2490 1273 2565 presbyterali
1293 2494 1411 2568 honore,
1440 2507 1491 2558 aut
1514 2501 1669 2577 episcopali
1691 2504 1863 2567 excellentia

113 2585 274 2645 secundum
294 2585 407 2659 proprio
427 2589 532 2642 statuta
553 2582 640 2642 etiam
660 2582 696 2640 ab
713 2581 858 2640 uxoribus
876 2579 969 2639 eonti-
1010 2577 1136 2653 quisque
1150 2580 1273 2640 idoneus
1289 2584 1459 2658 estimetur,
1479 2588 1608 2662 quises
1626 2592 1773 2669 voluptate
1786 2611 1863 2656 uxo·

21 2743 22 2752 χ
114 2675 292 2751 neresqnod
312 2675 369 2732 nisi
391 2674 520 2742 iecerint,
537 2671 574 2730 nh
589 2670 781 2730 ecclesiastico
798 2686 968 2729 removean·
1011 2667 1055 2724 ria
1077 2667 1202 2728 necdum
1222 2670 1350 2733 frenasse
1368 2673 1528 2751 detegitur?
1542 2678 1614 2739 Item
1633 2698 1706 2757 papa
1726 2683 1864 2746 silvester

20 2781 22 2804 ι
114 2770 156 2823 tur
167 2763 279 2825 officio.
294 2781 308 2817 r
324 2764 397 2821 item
412 2775 449 2819 ex
463 2761 521 2821 alio
534 2758 659 2819 correilio
673 2758 750 2833 apud
765 2759 969 2832 Carthaginem
1011 2757 1088 2828 (Syn.
1108 2760 1185 2817 hom.
1202 2775 1226 2817 c.
1244 2759 1269 2832 tlt
1284 2785 1290 2819 ι
1308 2788 1320 2811 «ι
1342 2761 1422 2822 Nulli
1444 2773 1541 2826 autem
1559 2769 1805 2834 subdiaconorum
1827 2775 1865 2833 ad

113 2854 200 2918 (donc.
225 2853 363 2922 corthon.
383 2863 414 2920 ιι,
435 2865 496 2924 cap.
517 2849 545 2919 i)
566 2845 705 2907 Aurelius
724 2848 876 2921 episcopus
895 2848 970 2907 inter
1010 2846 1126 2920 nuptias
1142 2849 1264 2906 transire
1277 2851 1487 2925 permittentes,
1502 2858 1699 2933 precipimus,
1714 2877 1752 2922 ne
1766 2862 1865 2938 aliqua

112 2949 212 3001 caetera
240 2940 355 3000 dixit:
387 2961 401 2990 ι
428 2935 541 2998 Placuit
567 2951 661 2996 sacros
690 2936 832 2995 antistites
858 2953 891 2996 nc
917 2938 969 2997 Dei
1011 2937 1065 2995 hoc
1086 2939 1324 3012 praevaricatione
1347 2949 1576 3021 praesumpserit.
1605 2972 1618 3001 s
1644 2950 1726 3021 Quod
1749 2954 1774 3012 si
1795 2969 1865 3013 coo·

112 3032 285 3102 sacerdotes,
317 3039 431 3088 necnon
453 3036 482 3087 et
508 3028 621 3098 lenitas,
649 3024 696 3084 rel
723 3027 775 3100 qul
804 3041 969 3087 sacramen·
1011 3028 1165 3086 temnenda
1179 3034 1219 3087 tot
1232 3030 1456 3105 apostolicorum
1470 3037 1602 3098 virorum
1616 3039 1727 3099 decreta
1745 3041 1868 3104 duxeri·

19 3179 20 3188 ,
113 3117 145 3176 tis
169 3118 286 3178 divinis
314 3116 489 3186 inserviunt,
518 3114 699 3174 continentes
721 3129 783 3172 essa
810 3115 842 3172 in
872 3115 969 3174 omni·
1012 3115 1058 3187 tis,
1083 3130 1116 3173 ac
1137 3131 1187 3189 per
1208 3133 1310 3177 eorum
1333 3136 1383 3179 ora
1404 3129 1542 3198 unquam
1562 3127 1679 3188 totidem
1695 3144 1803 3205 organa
1822 3130 1867 3190 lo·

19 3201 21 3274 ἰ
110 3205 171 3278 bus,
191 3201 269 3263 165
285 3221 346 3281 quo
360 3203 472 3279 possint
484 3203 664 3277 simpliciter,
681 3203 757 3278 qnod
773 3202 862 3262 aDeo
877 3209 972 3279 postu·
1013 3206 1128 3277 quentis
1148 3201 1275 3281 Spiritus
1295 3208 1385 3268 sancti
1405 3219 1509 3272 statuta
1528 3216 1704 3290 spreveritis,
1722 3233 1812 3293 quam
1833 3219 1869 3278 de

19 3285 21 3354 f
111 3292 175 3367 lant,
192 3296 374 3370 impetrare3
398 3302 431 3352 ut
451 3291 528 3367 quod
543 3291 665 3368 apostoli
680 3291 851 3360 docuerunt,
868 3293 971 3366 etipsa
1014 3294 1096 3353 robis
1131 3293 1232 3354 beatus
1260 3313 1332 3373 papa
1363 3299 1506 3361 Damasus
1535 3307 1710 3366 senteutiam
1749 3309 1868 3383 proten,

110 3387 236 3445 servarit
259 3383 433 3459 antiquitas,
459 3400 513 3444 nos
530 3400 647 3459 qnoque
670 3382 875 3443 custodiemus.
894 3407 907 3434 υ
925 3384 970 3442 Ad
1013 3383 1136 3458 dignum
1151 3387 1347 3446 estaudiatis:
1363 3389 1559 3460 «violatores,
1577 3394 1684 3470 inquit,
1709 3395 1869 3457 voluntarii

110 3477 169 3536 hec
182 3476 352 3536 Faustinus
368 3474 519 3550 episcopus
538 3472 673 3532 Ecclesiae
689 3471 838 3532 Pontienss
853 3474 971 3554 provin·
1013 3490 1159 3535 canonum
1179 3476 1341 3550 gravitera
1363 3480 1468 3539 sanctis
1490 3481 1625 3544 Patribus
1640 3485 1820 3560 judicantur,
1841 3498 1871 3549 et

19 3585 20 3588 ¹
108 3562 569 3637 cleermontegsrusttomanae
582 3562 972 3636 Ecclesise,dixit:rPlacet
1014 3572 1144 3623 nsancto
1160 3563 1269 3638 Spiritu
1288 3567 1528 3642 cujusiostinctu
1546 3589 1579 3631 ac
1601 3574 1677 3634 dono
1697 3576 1780 3636 ditati
1797 3576 1869 3634 166

19 3639 20 3684 ³
109 3663 139 3712 nt
160 3656 334 3731 episcopus,
357 3655 505 3728 presbyter
523 3662 552 3713 et
568 3654 719 3724 dianonus,
739 3653 784 3711 yet
803 3653 855 3728 qni
878 3671 973 3714 sacra-
1015 3660 1094 3724 suot,
1110 3652 1305 3727 damnantur3
1322 3679 1336 3708 ι
1353 3659 1490 3733 quoniam
1510 3658 1712 3736 blasphemare
1727 3664 1870 3739 Spiritum

108 3752 204 3804 menta
218 3745 418 3815 contrectant,
430 3743 578 3819 pudicitie
593 3742 724 3802 custodes
736 3742 773 3800 ab
788 3744 930 3804 uxoribus
944 3761 974 3805 se
1016 3747 1148 3803 sanctum
1164 3758 1222 3802 oon
1236 3743 1395 3820 incongrue
1409 3746 1556 3822 videntur,
1571 3752 1622 3826 nui
1634 3761 1734 3813 contra
1752 3756 1871 3816 eosdem

19 3867 21 3886 ι
107 3832 289 3894 abstineant.
324 3831 579 3893 »Ab'uninersis
608 3831 749 3906 episcopis
773 3831 884 3892 dictum
911 3840 971 3893 est:
1016 3841 1130 3892 sanctos
1142 3848 1266 3893 canones
1279 3850 1337 3892 ooo
1357 3837 1524 3898 necessitate
1543 3842 1871 3917 compulsisedlibsn·

106 3921 235 3986 «Placet
251 3934 290 3988 ut
304 3928 336 3985 io
351 3925 498 3994 omnibus,
514 3931 543 3984 et
557 3925 592 3984 ab
606 3923 745 3983 omnibus
765 3924 904 3997 pudicitie
923 3943 975 3986 cn·
1017 3926 1069 3992 ter,
1084 3930 1116 3980 ut
1129 3919 1286 3996 praelixum
1299 3931 1351 3994 est,
1368 3923 1479 4000 aliquid
1494 3936 1544 3987 ant
1557 3938 1688 4005 proterve
1700 3941 1802 4009 agunt,
1822 3941 1872 3995 aut

105 4017 261 4088 prostatus,
281 4018 337 4093 qui
352 4017 437 4076 anari
465 4015 605 4076 serviunt,
624 4040 635 4064 ι
656 4015 697 4074 Ne
713 4030 782 4074 vero
802 4015 837 4072 ds
856 4017 975 4077 subdia.
1016 4009 1454 4087 loquipraesumunt,uutiacere
1464 4015 1629 4078 volentibus
1639 4028 1740 4094 sponte
1748 4037 1872 4083 coomn-

102 4106 193 4178 conis,
216 4105 308 4181 quod
328 4103 473 4164 abstinero
490 4101 634 4179 conjugiis
653 4102 784 4172 debeant,
809 4103 869 4163 ulla
887 4105 975 4180 possit
1017 4099 1102 4158 liudi·
1119 4096 1197 4156 Telis
1212 4098 1290 4157 enim
1304 4103 1491 4177 pwsumptio
1505 4108 1657 4168 manifeste
1671 4125 1767 4170 unum
1781 4127 1875 4186 genus

104 4211 264 4256 remanere
280 4194 429 4266 dubietas,
440 4193 517 4266 idern
530 4192 668 4253 Aurelius
678 4200 741 4267 post
754 4192 845 4252 mults
855 4194 978 4268 subjun·
1019 4195 1063 4246 111
1074 4186 1337 4261 bllssllhflfflssmluffl
1352 4187 1493 4264 311111ῑῦ111
1508 4204 1658 4266 5311111111ῖ
1673 4199 1823 4272 (1110111111,
1839 4209 1872 4261 ut

101 4287 143 4360 git
155 4307 161 4346 :
175 4313 190 4339 a
214 4285 344 4346 Placuit
361 4281 436 4358 ouod
451 4290 478 4342 et
498 4283 526 4342 io
547 4282 671 4342 diversis
685 4283 816 4343 conciliis
831 4283 978 4344 llrmatum
1017 4281 1077 4355 jam
1093 4279 1279 4355 prelibatum
1294 4289 1345 4352 cst,
1366 4291 1464 4343 contra
1480 4301 1549 4345 eum
1564 4289 1634 4362 agit,
1650 4289 1736 4363 cujus
1747 4291 1834 4366 jussu
1848 4298 1876 4350 et

102 4379 153 4441 est,
177 4381 213 4431 ut
243 4371 439 4442 subdiaconi,
461 4371 513 4445 qui
532 4387 611 4429 secra
634 4371 771 4447 mysteria
790 4378 977 4444 contrectant,
1019 4369 1111 4442 gratia
1124 4369 1212 4428 iidem
1228 4371 1319 4429 sancti
1333 4371 1402 4431 editi
1417 4381 1485 4433 suot
1498 4392 1634 4436 canones.
1651 4379 1781 4438 Audiant
1794 4394 1875 4452 erge,

99 4463 126 4518 et
139 4459 281 4532 dianoni,
306 4467 336 4519 et
350 4459 518 4535 presbyteri,
539 4460 588 4518 sed
610 4466 637 4518 et
655 4460 791 4535 episcopi,
816 4462 976 4520 secundum
1019 4461 1071 4533 qui
1082 4460 1166 4518 nobis
1177 4460 1331 4533 obsistunt,
1344 4463 1395 4537 qui
1405 4462 1545 4523 adversus
1558 4482 1611 4525 nos
1623 4483 1710 4541 super
1723 4470 1785 4527 haec
1797 4483 1877 4542 quae·

99 4550 219 4624 propria
247 4555 377 4616 statuta,
397 4547 484 4607 etiam
499 4547 536 4607 ab
555 4548 698 4607 uxoribus
712 4563 742 4607 se
756 4548 930 4620 abstineant,
946 4521 1113 4608 utDstione
1134 4548 1292 4622 confligunt
1309 4552 1398 4625 :quia
1417 4551 1489 4611 dum
1511 4554 1596 4613 nobis
1620 4563 1687 4614 suot
1706 4557 1875 4630 adversarii,

98 4644 243 4714 unquam
261 4653 330 4699 noo
345 4638 486 4697 babentes
501 4637 657 4698 rideantur
670 4654 749 4708 esse,·
768 4638 845 4713 quod
866 4635 922 4697 nisi
936 4639 978 4698 ie·
1020 4637 1050 4694 in
1068 4635 1207 4710 Spiritum
1221 4644 1353 4695 sanctum
1375 4638 1527 4699 manifesta
1546 4649 1614 4702 sunt
1630 4642 1788 4702 rebellione
1802 4644 1876 4704 bles·

95 4731 201 4800 cenot,
218 4731 261 4790 ab
278 4728 426 4789 Ecclesiae
440 4736 643 4788 removeantur
662 4727 766 4788 oihcio.
783 4749 797 4782 s
817 4728 891 4803 Papa
906 4744 979 4803 quo·
1020 4726 1118 4801 phcmi
1142 4745 1149 4782 :
1172 4732 1200 4783 et
1228 4724 1314 4784 illum
1341 4725 1574 4802 blasphemantes
1597 4731 1759 4803 offendunt,
1792 4732 1877 4807 cujus

93 4831 150 4892 que
166 4818 349 4894 Gregorius
364 4815 446 4876 Petro
458 4816 638 4876 subdiacono
653 4816 729 4876 iuter
743 4825 847 4876 caetero
867 4816 977 4890 scribit,
1020 4813 1141 4873 ostensio
1155 4831 1213 4874 oon
1233 4815 1389 4875 remittitur
1410 4833 1506 4892 nenne
1529 4819 1587 4889 hic,
1606 4821 1745 4894 usquein
1765 4822 1875 4881 tuturo.

92 4905 195 4967 dicens
212 4907 340 4978 (Gneo.
357 4910 440 4978 itep.;
459 4906 509 4964 lib.
522 4918 575 4965 vlu
587 4910 666 4981 epist.
678 4906 722 4978 42,
736 4906 977 4978 dist.31‚Ante):
1021 4902 1077 4962 Sed
1104 4902 1165 4976 jam
1192 4902 1292 4977 plures
1318 4913 1481 4965 sanctorum
1508 4908 1679 4981 pontificum
1707 4909 1877 4970 subnectere

93 4995 206 5058 «hore
229 4994 411 5055 triennium
431 4995 603 5054 subdiaconi
622 4993 756 5054 omnium
784 4993 978 5054 Ecclesiarum
1019 4992 1182 5050 sanctiones
1200 4993 1371 5063 omittimus,
1395 5009 1430 5051 oe
1449 4995 1610 5069 epistolaris
1633 4996 1795 5069 compendii
1815 5013 1877 5058 me-

92 5083 207 5144 Siciliae
228 5080 389 5160 prohibiti
404 5083 528 5154 inerant,
545 5091 577 5141 ut
594 5099 672 5141 more
685 5081 826 5142 Romame
841 5083 978 5143 Ecclesiae
1020 5085 1077 5138 tam
1093 5079 1233 5139 excedere
1247 5080 1422 5153 judicemur.
1443 5082 1519 5142 Parit
1538 5084 1618 5142 enim
1639 5084 1791 5158 prolixitas
1808 5086 1878 5147 laci·

90 5174 151 5234 suis
175 5174 350 5236 uxoribus
368 5172 534 5233 nullatenus
554 5174 785 5234 miscerentur.»
807 5174 888 5243 Quod
904 5174 978 5234 mihi
1019 5172 1101 5231 niosu
1122 5171 1281 5230 fastidium.
1304 5173 1337 5231 b't
1355 5182 1430 5232 certe
1453 5173 1500 5234 cui
1523 5179 1689 5244 sanctorum
1716 5177 1879 5237 testimonia

89 5261 202 5323 dorum
235 5271 347 5336 atque
373 5261 572 5338 incompetens
600 5262 724 5336 videtur,
754 5268 788 5322 ιιι
815 5264 866 5340 qui
890 5279 978 5322 usum
1019 5277 1079 5320 non
1094 5259 1248 5333 sufficient,
1262 5262 1458 5338 undecunque
1469 5270 1604 5337 congesta
1616 5264 1735 5337 tuerint,
1748 5281 1802 5326 nee
1815 5266 1880 5342 plu·

88 5353 229 5428 ejusdem
253 5350 462 5412 continentis
482 5367 540 5410 non
560 5353 684 5421 invenit,
704 5367 798 5428 oeque
817 5352 978 5411 castitatem
1019 5350 1102 5410 ribus
1115 5349 1286 5426 acquiescet.
1307 5349 1339 5409 id
1358 5358 1497 5426 preterea
1515 5352 1593 5429 quod
1612 5353 1745 5429 oby'icitis,
1761 5361 1881 5415 cautum

85 5447 154 5503 ante
175 5437 368 5519 proposuit,
396 5435 620 5514 compellaturn
642 5455 695 5501 sua
714 5456 808 5500 uxore
830 5441 976 5518 separari:
1019 5455 1081 5500 esse
1107 5437 1280 5511 canonibus,
1303 5445 1335 5499 ut
1358 5439 1527 5517 quicunque
1549 5443 1694 5520 conjugati
1724 5446 1880 5506 sacerdotis

85 5543 174 5614 atoue
186 5535 249 5614 pet
265 5535 351 5601 boc,
370 5531 448 5606 quod
465 5532 549 5605 absit,
572 5531 698 5593 detortus
713 5532 803 5593 cedat.
824 5531 907 5592 Unde
931 5531 978 5591 vi·
1019 5515 1149 5592 officium
1162 5529 1332 5605 spreverint,
1344 5529 1468 5592 debeant
1481 5533 1686 5597 commuuione
1702 5537 1828 5613 privari;
1849 5542 1881 5595 ιιι

84 5627 174 5688 detur
185 5626 289 5696 mihi,
311 5625 355 5681 ut
367 5633 384 5679 o
398 5624 534 5697 praesenti
550 5621 598 5682 die
618 5621 755 5685 omuibus
774 5621 915 5698 episcopis
933 5621 978 5683 di·
1019 5637 1088 5697 pace
1105 5627 1199 5683 restra
1222 5621 1333 5697 loquar,
1355 5622 1426 5685 dum
1446 5624 1608 5686 litterarum
1626 5627 1809 5703 superficiem
1828 5641 1880 5685 oe·

240 5737 541 5803 esrsoncxmy.
1702 5745 1733 5804 ,p
