4100 6209
187 211 240 275 309
785 208 897 270 niduli
916 207 1102 282 QUARTUS,
1124 210 1245 273 EPIST.
1267 209 1345 272 VIII.
1887 213 1940 274 310

183 336 233 398 sed
247 350 307 396 non
318 333 421 396 festine
430 331 584 408 suscipior.
597 331 781 392 Invehuntur
792 334 883 406 enim,
897 348 957 394 non
972 336 1073 409 gra-ll
1083 334 1182 394 docuit
1194 335 1332 396 relatione
1346 336 1425 411 quod
1439 350 1534 396 narro.
1549 336 1825 412 dihericus,inqnit,
1836 338 1937 399 Eccle-

183 425 237 484 tias
255 429 364 498 agunt;
384 421 579 496 expostulant,
596 435 655 481 non
685 421 896 494 blandientum
915 429 944 482 et
961 422 1041 481 obla·
1085 426 1137 484 siae
1150 440 1223 484 meae
1234 426 1289 485 sub
1300 426 1417 484 nomine
1427 425 1598 501 episcopalis
1606 426 1762 486 Incubabat
1772 428 1869 488 officii.
1882 429 1938 489 Hic

182 516 293 575 tionem
313 511 653 581 talisririnondonum,
674 513 726 571 sed
743 513 843 571 sordes
866 519 953 588 atque
970 530 1041 578 con-
1083 515 1216 573 obscenae
1249 514 1441 574 meretriculae
1469 515 1655 589 prolectarius
1678 515 1853 575 adhaerebat.
1881 516 1936 587 Qui

183 606 294 678 legium
305 603 445 679 deputant
458 601 637 665 animarum.
653 600 741 660 Nullo
753 601 852 676 itaque
863 607 945 677 pacto
956 603 1041 678 quie·
1083 602 1217 662 videlicet
1232 604 1304 663 dum
1316 603 1427 662 Ottonis
1441 604 1567 676 Augusti
1584 605 1781 680 propinquum
1797 604 1937 666 formida·

181 711 262 754 scere
282 697 450 768 potuerunt,
465 691 557 749 donee
585 704 694 750 munus
719 689 833 748 incaute
861 699 1040 765 susceptum,
1082 699 1126 751 ret
1140 693 1310 766 adrentum,
1325 693 1432 751 falsum
1447 694 1586 752 mentitus
1599 701 1640 752 est
1652 692 1827 753 caelibatum.
1842 695 1936 754 Mere-

181 783 218 841 ad
233 797 315 851 eum,
329 781 382 855 qni
400 779 527 851 dederat,
545 785 653 855 presto
669 779 858 852 remitterem,
873 779 959 855 eique
972 797 1040 854 gra·
1083 781 1184 840 trIcem
1197 784 1296 858 itaque
1310 799 1327 840 a
1342 782 1478 841 consortii
1495 783 1541 841 sui
1558 783 1692 842 societate
1706 786 1839 857 removit,
1855 800 1937 844 eam·

182 871 270 932 initas
283 869 429 930 orationes
443 869 498 928 sub
518 869 615 928 verbis
634 869 823 928 excusatoriis
845 869 1040 929 nihilominus
1081 872 1673 948 quesacrovelaminefallaciterindutam,
1688 875 1937 935 sanctimonialem

180 959 265 1034 qnasi
290 975 351 1018 non
374 959 563 1028 remitterem,
583 957 746 1032 pollIoerer.
772 958 884 1030 Fateor,
910 959 1039 1018 multum
1082 979 1143 1023 esse
1167 964 1337 1034 constituit3
1364 971 1564 1024 verumtamen
1585 970 1648 1036 post
1669 963 1852 1036 imperatoris
1874 970 1938 1026 abs·

182 1051 256 1109 mihi
277 1048 395 1124 placuit,
410 1048 486 1124 quod
507 1048 676 1121 objurgatus
699 1064 777 1120 sum,
792 1048 870 1122 quod
892 1055 1040 1122 correptus
1080 1069 1205 1126 cessum,
1221 1060 1249 1112 et
1263 1054 1299 1112 ad
1312 1054 1443 1128 pristine
1464 1052 1602 1111 loeditatis
1625 1052 1818 1126 ignominiam
1839 1056 1934 1128 rediit,

180 1157 260 1210 sum,
287 1140 367 1214 quod
399 1137 497 1198 verbis
527 1137 715 1196 mordacibus
739 1152 873 1211 aspersus
900 1154 976 1196 sum.
992 1137 1038 1197 Tu
1080 1150 1108 1201 et
1123 1143 1288 1217 insuperad
1304 1143 1940 1217 probrosaeinfamiaesuaecumulumenea·

180 1247 310 1305 quoque,
337 1230 433 1300 frater,
457 1228 612 1287 custodite
632 1244 650 1286 a
674 1227 845 1288 muneribus
867 1228 1036 1303 impiorum,
1080 1230 1147 1290 dem
1165 1232 1278 1290 tartarei
1295 1232 1447 1305 prostibuli
1463 1230 1864 1306 victimaliliumprocrearit.
1878 1233 1935 1302 Qui

180 1327 215 1381 ut
228 1321 301 1380 dnm
315 1335 401 1380 caves
413 1318 573 1393 proprium,
588 1316 717 1376 ahenum
741 1318 953 1392 perhorrescas,
969 1317 1037 1376 tibi-
1080 1334 1150 1378 mox
1176 1327 1208 1378 ut
1235 1337 1287 1394 per
1313 1323 1489 1380 incrementa
1516 1327 1680 1394 temporum
1711 1322 1937 1394 grandiusculus

180 1418 242 1469 met
253 1408 394 1470 adhibere
407 1407 550 1478 flagitium
568 1426 574 1465 :
589 1411 627 1477 et,
636 1408 723 1480 juxta
744 1407 827 1466 Pauli
840 1408 1036 1466 senentiam:
1078 1408 1216 1478 adolevit,
1233 1415 1313 1482 pater
1333 1425 1401 1468 eum
1427 1409 1543 1468 sibimet
1563 1410 1596 1468 in
1618 1409 1772 1483 episcopali
1796 1410 1936 1485 dignitate

178 1505 242 1562 lton
268 1502 446 1560 mutuantem
470 1499 589 1569 peccatis
613 1499 711 1554 olente
734 1500 759 1566 (l
782 1501 852 1554 Tim.
879 1503 921 1566 v),
941 1514 975 1557 ac
998 1498 1037 1556 li·
1079 1495 1240 1555 substituit,
1254 1496 1310 1556 Sed
1323 1512 1390 1556 cum
1407 1498 1493 1572 longa
1513 1496 1684 1556 dominandi
1704 1500 1881 1558 consuetudo
1899 1500 1935 1558 ad

177 1590 250 1648 bera
265 1588 373 1647 talibus
387 1602 454 1646 cum
470 1602 504 1644 eo
521 1585 616 1646 valeas
629 1585 804 1646 conscientia
817 1588 934 1648 dicere:
953 1592 1037 1647 1111-
1078 1585 1250 1643 memoriam
1274 1583 1389 1656 rediret,
1415 1601 1502 1659 seque
1527 1599 1587 1643 non
1607 1584 1744 1644 celebrari
1761 1601 1795 1644 ac
1813 1603 1935 1647 venera·

177 1679 369 1748 daemonem
382 1678 545 1745 osonpatne
560 1677 813 1734 ometemeeetrem
828 1678 986 1748 (11111111).
1047 1672 1176 1756 Bbiliter
1198 1673 1303 1745 excoli,
1331 1674 1406 1733 sicut
1430 1679 1497 1732 ante
1519 1681 1717 1747 consueverat,
1744 1676 1934 1756 erubesceret,

463 1780 647 1840 gpqupgg
669 1778 752 1840 vffl,
1080 1761 1187 1835 reperit
1213 1762 1368 1822 consillum
1388 1779 1426 1821 ex
1449 1762 1553 1820 intimo
1574 1762 1710 1822 diabolici
1732 1762 1855 1838 pectoris
1870 1764 1937 1824 felle

294 1885 333 1932 gp
348 1882 528 1932 mmmm
542 1881 704 1929 mmm
728 1881 913 1930 mmmm
1080 1848 1236 1923 prolatum.
1253 1850 1380 1910 Locutus
1392 1851 1491 1924 itaque
1504 1850 1598 1925 primo
1611 1865 1678 1910 cum
1694 1851 1871 1925 quibusdam
1885 1869 1936 1927 pe·

176 1958 602 2022 mfflfflffl‚-pqajmrd0
614 1957 772 2030 gugubjno
784 1958 917 2034 episcopt)
933 1961 1037 2020 guadet
1080 1941 1289 2001 stilentissimis
1301 1943 1461 2014 monachis,
1477 1942 1582 2002 deinde
1592 1957 1660 2002 cum
1672 1942 1826 2002 nonnullis
1840 1944 1935 2004 Deum

214 2042 249 2094 ut
259 2033 367 2107 praedia
393 2032 600 2105 facultatesque
618 2029 755 2088 Ecclesiae
770 2036 898 2105 tempore
912 2032 958 2090 sui
973 2034 1036 2106 epi·
1079 2030 1274 2090 nescientibus
1294 2031 1384 2102 laicis,
1405 2033 1521 2091 tandem
1538 2030 1669 2091 condicto
1687 2031 1824 2106 praestitae
1847 2049 1934 2107 spon·

213 2110 347 2179 ⁸⁰⁰I³I¹¹⁸
369 2103 527 2177 ademptas«
548 2116 717 2182 simillime
739 2106 876 2182 mnetuii
895 2103 1035 2185 eumdem
1079 2124 1169 2182 sionis
1192 2129 1292 2198 pactus
1313 2131 1355 2182 est
1378 2124 1547 2192 foederent
1570 2129 1688 2182 eentum
1711 2123 1854 2184 librarum
1880 2125 1934 2183 Pa·

213 2175 356 2245 hortatur,
371 2182 404 2233 ut
424 2190 519 2233 mores
535 2178 668 2245 corrigat,
682 2170 807 2231 arduum
823 2177 1035 2233 1111111111-
1101 2212 1107 2222 ·
1165 2212 1170 2222 ·
1398 2213 1404 2223 .
1474 2213 1479 2222 .
1548 2211 1553 2222 .
1923 2234 1929 2247 .

213 2247 311 2320 fimat,
342 2248 400 2305 uod
419 2246 535 2304 facilius
553 2259 605 2318 pe,
620 2258 721 2318 aspera
741 2258 867 2328 (ΜΗΘ
889 2261 922 2304 ac
943 2245 1036 2304 ardua
1078 2227 1188 2286 prensis
1199 2219 1322 2271 monetae
1332 2217 1460 2286 pretium
1473 2212 1578 2270 infelix
1591 2218 1732 2271 mercator
1743 2212 1930 2285 appenderet,

212 2319 318 2400 mundi
353 2319 421 2392 ujus
433 2332 505 2375 saxa
517 2316 650 2396 iactatus,
663 2315 700 2373 ad
712 2316 819 2396 quietis
831 2314 1035 2392 felicitatisque
1078 2308 1106 2359 et
1131 2301 1173 2360 81⁰
1194 2301 1248 2371 illl,
1269 2308 1373 2380 Caefflw
1397 2301 1478 2373 prius
1500 2299 1612 2372 abbate·
1636 2300 1687 2375 qui
1708 2306 1778 2359 ²11ssss
1797 2309 1930 2375 blaterat,

212 2407 247 2449 nn
260 2390 335 2450 coelo
347 2398 462 2460 portum
476 2402 629 2462 pervenire
642 2394 742 2460 possut.
1078 2389 1236 2450 casinense
1252 2390 1463 2450 monasterium
1475 2390 1501 2448 ei
1514 2405 1614 2449 secure
1627 2389 1837 2461 contraderent,
1853 2393 1932 2467 quod

219 2487 291 2543 110
314 2487 428 2546 homno
450 2485 611 2547 1111111111
636 2487 769 2561 epIscopo
785 2527 899 2546 .....
916 2484 1035 2545 Pennus
1076 2480 1127 2540 ille
1144 2482 1281 2556 deinceps
1296 2496 1398 2541 eorum
1417 2481 1508 2540 fultus
1521 2478 1645 2551 auxilio,
1663 2481 1727 2539 sine
1741 2479 1931 2540 ullocontra-

173 2581 308 2650 peoeator
321 2575 492 2634 monachus.
515 2619 518 2628 ,
1076 2570 1212 2630 dictionis
1238 2571 1386 2631 obstaculo
1408 2569 1574 2645 possideret.
1590 2569 1651 2627 Hoc
1676 2569 1762 2628 etiam
1787 2570 1933 2644 primoge-

212 2662 288 2733 Qnia
300 2663 379 2733 nori,
397 2663 495 2732 irater,
512 2661 564 2721 tibi
580 2675 640 2720 non
657 2661 756 2720 deesse
777 2659 971 2734 prudentiam,
988 2676 1034 2721 se-
1076 2662 1131 2720 niti
1146 2659 1214 2716 111
1233 2659 1348 2721 Satanae
1366 2659 1554 2719 conventioni
1569 2658 1727 2718 machinati
1747 2658 1863 2717 faederis
1880 2660 1933 2718 ed-

174 2770 268 2815 cnrus
282 2760 309 2813 et
321 2754 432 2827 absque
441 2753 598 2813 formidine
610 2752 799 2826 correptionis
813 2750 935 2811 adhibeo
949 2751 1032 2812 disci·
1076 2747 1222 2818 uiderunt,
1239 2754 1272 2808 ut
1284 2749 1335 2807 ille
1349 2746 1932 2823 111111111111111111111111111111

175 2845 300 2919 plinam.
316 2843 478 2902 Namatio
494 2843 659 2904 Proverbiis
674 2841 811 2903 Salomon
827 2842 896 2901 dicit
911 2866 918 2901 ς
935 2865 946 2894 ι
963 2843 1033 2903 Plus
1075 2853 1144 2897 suos
1169 2853 1268 2898 servos
1297 2837 1432 2908 mitteret,
1463 2841 1490 2893 et
1518 2835 1608 2894 donec
1634 2834 1666 2892 in
1699 2836 1835 2896 manibus
1868 2838 1930 2897 suis

173 2932 291 3009 proficit
322 2931 463 3007 correptio
485 2932 562 3008 apud
588 2931 771 3006 prudentem,
797 2947 887 3004 quarn
915 2939 1032 2991 centum
1075 2921 1182 3000 positos
1194 2927 1307 2987 abbatis
1321 2927 1419 2986 oculos
1434 2941 1492 2985 non
1503 2923 1655 2999 aspiceret,
1666 2931 1787 2998 partem,
1803 2941 1870 3001 quae
1883 2942 1931 2985 re·

174 3022 271 3097 plagae
290 3024 367 3097 apud
385 3024 509 3083 stultum
533 3027 624 3092 (Prae
640 3028 730 3093 xvu).
746 3043 760 3076 n
774 3023 927 3082 Etiterum
943 3041 949 3082 :
967 3047 977 3076 ι
997 3022 1029 3084 Si
1040 3049 1063 3112 ο
1075 3017 1159 3077 sidua
1175 3024 1259 3089 essct,
1275 3016 1445 3076 nullatenus
1463 3017 1629 3075 destinaret.
1646 3016 1722 3085 Quid
1741 3016 1848 3091 plura?
1866 3033 1931 3076 cor·

175 3110 352 3184 corripuerIs
371 3111 542 3184 sapientem,
566 3110 709 3185 intelliget
728 3109 911 3184 disciplinam
938 3113 1028 3184 (Prae.
1074 3105 1155 3175 rasis,
1170 3105 1365 3178 undecunque
1378 3106 1482 3179 potuit,
1496 3112 1582 3181 atque
1596 3105 1739 3176 congestis
1751 3106 1848 3164 aureis
1862 3122 1929 3165 mu·

174 3202 253 3273 111).
271 3221 287 3256 r·
303 3201 359 3270 Qui
371 3215 475 3260 rursus
487 3201 528 3258 ait
543 3224 550 3259 ι
567 3222 578 3252 ι
593 3200 692 3271 Auris,
707 3215 775 3274 quar
788 3200 870 3259 audit
897 3200 1031 3276 increpa·
1073 3196 1214 3256 liebribus
1240 3197 1428 3268 ornamentis,
1443 3197 1596 3270 sexaginta
1621 3194 1763 3254 librarum
1785 3197 1869 3270 pretii
1892 3198 1928 3256 ad

175 3289 271 3348 tiones
296 3290 376 3360 vitoe,
406 3288 438 3347 in
465 3288 562 3348 medio
587 3289 762 3364 sepiendum
805 3288 1032 3350 commorabitur
1071 3284 1105 3344 B.
1118 3285 1256 3345 Germani
1266 3285 1403 3361 oppidum
1417 3301 1467 3360 per
1478 3284 1708 3359 suoscomplices
1721 3282 1811 3355 misit,
1827 3285 1927 3359 eisque

175 3384 269 3449 (Pron.
285 3385 352 3450 xv),
370 3401 382 3431 r
400 3379 526 3454 Moxque
543 3379 717 3454 subJungit2
736 3377 820 3449 «Qui
833 3378 1030 3454 abjicitdisei-
1072 3371 1143 3446 quid
1157 3378 1186 3430 et
1197 3373 1307 3447 quibus
1322 3372 1500 3446 loqueretur,
1518 3371 1596 3444 quod
1613 3370 1650 3428 de
1662 3371 1804 3429 sententia
1820 3370 1928 3431 diaboli

173 3469 297 3544 punam,
310 3469 431 3544 despicit
440 3470 569 3528 animam
582 3485 685 3542 suam
698 3470 749 3544 qui
762 3477 861 3529 aurem
872 3471 1029 3547 acquiescit
1071 3476 1198 3535 nequam
1215 3460 1376 3534 discipulus
1397 3460 1542 3531 hauserat,
1561 3459 1763 3532 serpentinum
1779 3459 1860 3518 virus
1880 3462 1927 3519 in·

172 3556 431 3630 increpationibus,
449 3573 594 3632 possessor
613 3565 657 3617 est
674 3558 769 3617 cordis
794 3559 929 3632 11111111.»
946 3559 1029 3628 Quod
1071 3550 1195 3610 vomuit.
1215 3550 1271 3619 Qui
1287 3550 1436 3608 venientes
1450 3550 1486 3607 ad
1500 3548 1650 3623 oppidum,
1665 3552 1693 3606 et
1707 3548 1928 3609 communicato

172 3659 224 3703 ore
245 3644 283 3704 ad
304 3661 338 3705 os
356 3660 434 3720 saepe
453 3647 627 3720 praemonui,
654 3663 706 3723 per
730 3647 841 3706 litteras
863 3647 981 3721 replico,
1001 3653 1031 3706 et
1071 3655 1139 3699 cum
1155 3638 1263 3714 quibus
1280 3639 1370 3700 edocti
1388 3640 1503 3698 fuerant
1521 3638 1646 3698 nefando
1668 3640 1815 3713 mysterio,
1836 3641 1925 3714 proti-

172 3741 287 3793 motum
308 3735 419 3810 fugacis
442 3735 552 3811 eloquii
572 3736 699 3797 velutad
720 3736 879 3795 anchoram
897 3735 1030 3795 staticulo
1073 3748 1129 3791 nus
1154 3731 1183 3788 in
1211 3740 1311 3807 crypta
1332 3732 1459 3806 quadam
1480 3731 1610 3806 ejusdem
1634 3731 1732 3806 oppidi
1748 3732 1830 3791 missi
1855 3739 1925 3792 sunt

171 3823 306 3899 apicibus
318 3822 387 3898 ligo.
1070 3821 1170 3894 ibique
1186 3835 1236 3894 per
1246 3820 1357 3895 aliquot
1368 3821 1482 3881 dierum
1495 3820 1621 3895 spatium
1632 3822 1776 3891 occultati,
1787 3821 1924 3882 satellites

208 3913 353 3987 Instama,
374 3915 551 3976 venerabilis
569 3917 667 3988 frater,
690 3916 820 3977 ecelesiae
840 3922 899 3975 tura
918 3915 1029 3990 praedia
1069 3917 1167 3971 autem
1187 3911 1301 3972 8111111
1319 3915 1526 3987 comprehenso
1544 3912 1687 3972 violenter
1709 3914 1805 3974 abbati
1824 3915 1923 3976 oeulos

170 4004 292 4080 prodige
316 4004 504 4065 mutandus
529 4007 642 4078 hadita,
656 4022 759 4068 revoca
781 4008 888 4067 diversi
914 4007 1029 4081 generis
1069 4006 1308 4076 ementemque
1332 4002 1449 4062 linteolo
1472 4002 1606 4077 protinus
1624 4001 1782 4076 involutos,
1802 4005 1839 4065 ad
1863 4021 1922 4076 eos,

168 4102 344 4155 ornamenta
364 4103 501 4156 nocenter
523 4097 653 4172 opposita
681 4098 725 4172 [1,
740 4098 894 4173 exposital,
918 4105 945 4158 et
969 4099 1028 4158 snt-
1069 4088 1121 4162 qui
1140 4091 1171 4146 in
1190 4096 1288 4164 crypta
1305 4091 1485 4162 minitabant,
1505 4090 1616 4150 occulte
1634 4090 1852 4165 transmittunt;
1872 4096 1924 4167 qui

170 4191 232 4266 tem
252 4184 381 4259 insignia
400 4199 536 4259 quaeque,
552 4186 598 4245 vel
617 4185 726 4260 optima
743 4188 945 4262 restituantur,
960 4203 1027 4261 qnae
1069 4193 1140 4236 mox
1163 4176 1272 4238 alacres
1290 4179 1393 4252 eflecti,
1408 4187 1437 4238 et
1450 4186 1587 4254 tanquam
1604 4180 1775 4241 thesaurum
1797 4181 1849 4241 diu
1871 4183 1920 4241 de·

170 4272 353 4347 pfaelaqonis
367 4280 426 4333 111ae
441 4281 567 4349 tempore
581 4276 709 4348 graviter
725 4275 906 4351 suspiramus
920 4278 1027 4337 ablata,
1069 4265 1228 4325 sideratum
1247 4265 1396 4326 inhianter
1413 4267 1551 4342 amplexi,
1565 4268 1735 4328 festinanter
1752 4269 1787 4328 ad
1808 4271 1920 4343 propria

168 4360 210 4420 In
224 4361 356 4421 moribus
365 4378 482 4438 quoque
493 4364 552 4423 tuis
562 4365 747 4440 temetipsum
761 4365 882 4441 corrige,
895 4372 923 4426 et
937 4367 1026 4425 111111-
1036 4372 1199 4458 Dremeare
1216 4366 1376 4432 coepernnt.
1395 4360 1529 4435 Cumque
1543 4359 1604 4434 jam
1623 4360 1772 4436 profligato
1801 4360 1923 4435 longiori

168 4465 230 4528 que
258 4452 514 4527 tantumdemque
540 4453 765 4528 circumspectus
793 4454 914 4515 omnino
942 4461 969 4513 te
994 4454 1024 4513 in
1069 4450 1161 4524 spatio
1181 4453 1312 4506 extrema
1332 4464 1398 4521 pars
1419 4448 1532 4506 itineris
1551 4456 1723 4522 superesset,
1739 4455 1767 4506 et
1784 4454 1923 4525 tanquam

167 4538 341 4598 sacerdotali
356 4542 498 4615 gravitate
520 4549 548 4603 et
564 4543 714 4604 honestate
730 4558 887 4618 compone,
905 4560 957 4603 noc
974 4543 1026 4603 de·
1069 4542 1128 4602 voti
1147 4547 1291 4615 compotes
1309 4536 1403 4596 securi
1419 4537 1479 4610 iam
1506 4534 1646 4594 alimenta
1664 4537 1852 4610 perciperent,
1873 4554 1923 4611 pe-

167 4626 287 4687 lecteris
300 4628 450 4690 fallacium
463 4630 634 4691 divitiarum
643 4632 743 4706 copiis,
758 4648 827 4708 qnae
840 4633 970 4692 fortassis
979 4632 1027 4691 io·
1069 4631 1205 4705 regrinus
1216 4628 1336 4703 quidam
1346 4624 1442 4684 subito
1454 4625 1633 4698 supervenit,
1646 4630 1675 4682 et
1689 4640 1797 4684 novum
1809 4625 1921 4700 aliquid

166 4724 321 4790 gerundae,
342 4719 475 4792 adluere3
503 4736 557 4779 nec
576 4719 612 4779 de
632 4721 786 4793 cathedrae,
802 4722 850 4782 cui
877 4721 1025 4796 praesides,
1068 4718 1237 4794 inquisitus,
1258 4715 1438 4783 hibericum,
1452 4713 1505 4787 qui
1520 4711 1633 4771 dudum
1650 4712 1744 4771 fuerat
1761 4712 1922 4788 episeopus,

165 4804 283 4865 emblac
294 4806 406 4867 honore
420 4809 555 4882 gaudere.
570 4809 643 4869 Nam
657 4825 734 4884 saepe
743 4810 820 4870 Deus
832 4810 1024 4885 omnipotens,
1068 4809 1175 4868 obiisse
1193 4804 1348 4881 respondit.
1372 4802 1454 4873 Quod
1469 4800 1514 4861 illi
1526 4801 1652 4877 graviter
1668 4803 1812 4876 aspernati
1825 4818 1859 4862 ac
1871 4820 1923 4864 ve·

163 4895 360 4970 quodprocul
373 4895 493 4968 sitate,
507 4899 599 4957 menti
612 4899 752 4974 reprobae,
768 4914 857 4974 quem
873 4899 1026 4974 perehru·
1068 4898 1220 4956 hementer
1252 4893 1366 4954 attoniti
1401 4891 1517 4952 credere
1550 4890 1718 4950 nullatenus
1756 4898 1922 4965 potuerunt.

165 4989 218 5057 pta
236 4983 417 5058 voluptatum
433 5002 554 5047 suarum
569 4987 624 5047 iter
639 4991 768 5064 arripere
792 4989 942 5063 conspicit,
961 5002 1027 5048 om·
1069 4986 1181 5046 Deinde
1195 5001 1256 5045 rem
1270 4983 1377 5044 certius
1395 4987 1590 5057 agnoscentes,
1605 4985 1633 5040 et
1651 4980 1764 5040 dierum
1783 4982 1921 5055 spatium,

163 5089 239 5134 nem
253 5074 308 5134 sibi
327 5078 414 5150 empti
435 5084 555 5138 conatus
573 5078 687 5140 aditum
704 5079 881 5138 intercludit.
898 5079 934 5138 Et
951 5079 1027 5139 sicut
1068 5089 1126 5150 qno
1137 5073 1272 5134 videlicet
1287 5071 1338 5131 ille
1353 5070 1385 5130 in
1398 5068 1586 5144 egrotacione
1603 5067 1752 5137 decubuit,
1769 5068 1923 5143 diligenter

160 5164 228 5238 iam
241 5165 411 5238 praesidenti
424 5182 500 5241 saepe
514 5167 658 5243 prohihet,
674 5168 745 5227 dum
759 5167 826 5227 vult
837 5167 973 5242 gaudere,
988 5182 1027 5226 ne
1067 5166 1230 5234 addiscunt,
1253 5169 1282 5222 et
1302 5161 1354 5221 illa
1375 5161 1523 5235 signanter
1541 5159 1697 5233 horaque
1719 5159 1852 5219 videlieet
1869 5161 1923 5220 ab·

162 5253 307 5329 mutinam
334 5256 376 5315 sic
397 5257 434 5316 ed
458 5258 589 5333 regimen
612 5257 797 5318 anhelantem
822 5257 962 5332 reprimit,
988 5273 1026 5317 ue
1068 5257 1127 5315 bati
1142 5256 1244 5315 lumen
1257 5254 1394 5314 annisum
1417 5257 1469 5321 est,
1484 5250 1571 5310 illum
1581 5249 1736 5310 infeliciter
1748 5252 1920 5327 exspirasse,

162 5346 330 5421 concupita
344 5346 493 5423 dignitatis
505 5350 623 5410 culmen
640 5348 785 5409 aseendm.
798 5347 925 5409 Ioannes
939 5348 1025 5422 plene
1067 5345 1181 5419 liquido
1195 5344 1422 5419 deprehendunt.
1438 5341 1609 5415 Eecequam
1620 5356 1720 5402 amaro
1733 5342 1791 5401 tine
1804 5343 1918 5411 deiecit,

163 5430 337 5495 Marsiccnae
353 5437 435 5510 prius
450 5437 588 5498 Ecclesiae
600 5439 843 5514 archipresbyter,
858 5453 939 5498 nunc
953 5437 1021 5495 reli-
1066 5438 1117 5511 qui
1144 5435 1274 5510 jucunde
1298 5443 1384 5509 atque
1408 5432 1538 5493 suaviter
1563 5431 1662 5491 virere
1688 5432 1871 5507 concupivit;
1891 5439 1919 5491 et

162 5525 266 5600 gisem
279 5525 475 5589 intlesinend.
487 5529 804 5602 annobiomooachus,
820 5530 953 5592 hesterna
972 5543 1020 5590 me
1065 5527 1130 5602 inse
1149 5524 1285 5601 temporIs
1310 5521 1442 5594 articulo,
1469 5537 1530 5598 qno
1555 5537 1587 5582 se
1608 5537 1835 5583 conscensurum
1856 5537 1918 5581 esse
