<?xml version="1.0" encoding="UTF-8"?>
<!DOCTYPE html PUBLIC "-//W3C//DTD XHTML 1.0 Transitional//EN"
    "http://www.w3.org/TR/xhtml1/DTD/xhtml1-transitional.dtd">
<html xmlns="http://www.w3.org/1999/xhtml" xml:lang="en" lang="en">
 <head>
  <title>
</title>
<meta http-equiv="Content-Type" content="text/html;charset=utf-8" />
  <meta name='ocr-system' content='tesseract 3.04.00' />
  <meta name='ocr-capabilities' content='ocr_page ocr_carea ocr_par ocr_line ocrx_word'/>
</head>
<body>
  <div class='ocr_page' id='page_1' title='image "./patrologiaecurs123unkngoog/patrologiaecurs123unkngoog_0283.png"; bbox 0 0 4100 6209; ppageno 0'>
   <div class='ocr_carea' id='block_1_1' title="bbox 145 319 1897 418">
    <p class='ocr_par' dir='ltr' id='par_1_1' title="bbox 145 319 1897 418">
     <span class='ocr_line' id='line_1_1' title="bbox 145 319 1897 418; baseline 0.001 -31"><span class='ocrx_word' id='word_1_1' title='bbox 145 331 197 388; x_wconf 74' lang='lat'><strong>555</strong></span> <span class='ocrx_word' id='word_1_2' title='bbox 452 323 481 383; x_wconf 78' lang='lat' dir='ltr'><strong>S.</strong></span> <span class='ocrx_word' id='word_1_3' title='bbox 502 325 612 385; x_wconf 81' lang='lat' dir='ltr'>PETRI</span> <span class='ocrx_word' id='word_1_4' title='bbox 633 322 793 418; x_wconf 77' lang='lat' dir='ltr'><strong>usurarii</strong></span> <span class='ocrx_word' id='word_1_5' title='bbox 813 321 892 382; x_wconf 87' lang='lat' dir='ltr'><strong>OPP.</strong></span> <span class='ocrx_word' id='word_1_6' title='bbox 915 321 1009 382; x_wconf 81' lang='lat' dir='ltr'><strong>PARS</strong></span> <span class='ocrx_word' id='word_1_7' title='bbox 1029 319 1100 384; x_wconf 80' lang='lat' dir='ltr'><strong>SEU</strong></span> <span class='ocrx_word' id='word_1_8' title='bbox 1120 323 1244 385; x_wconf 82' lang='lat' dir='ltr'><strong>sobius</strong></span> <span class='ocrx_word' id='word_1_9' title='bbox 1262 326 1300 386; x_wconf 90' lang='grc' dir='ltr'><strong>ΙΙ.</strong></span> <span class='ocrx_word' id='word_1_10' title='bbox 1322 356 1355 370; x_wconf 91' lang='grc'>-</span> <span class='ocrx_word' id='word_1_11' title='bbox 1377 324 1585 388; x_wconf 81' lang='lat' dir='ltr'><strong>SERMONES.</strong></span> <span class='ocrx_word' id='word_1_12' title='bbox 1846 331 1897 391; x_wconf 81' lang='lat' dir='ltr'><strong>ssu</strong></span> 
     </span>
    </p>
   </div>
   <div class='ocr_carea' id='block_1_2' title="bbox 145 447 1902 974">
    <p class='ocr_par' dir='ltr' id='par_1_2' title="bbox 145 447 1902 887">
     <span class='ocr_line' id='line_1_2' title="bbox 146 447 1899 526; baseline 0.001 -12"><span class='ocrx_word' id='word_1_13' title='bbox 146 454 244 514; x_wconf 86' lang='lat' dir='ltr'><strong>oleum</strong></span> <span class='ocrx_word' id='word_1_14' title='bbox 266 458 408 521; x_wconf 88' lang='lat' dir='ltr'><strong>sanctum,</strong></span> <span class='ocrx_word' id='word_1_15' title='bbox 428 457 611 525; x_wconf 71' lang='lat' dir='ltr'><strong>unguentum</strong></span> <span class='ocrx_word' id='word_1_16' title='bbox 629 449 818 523; x_wconf 89' lang='lat' dir='ltr'><strong>compositum</strong></span> <span class='ocrx_word' id='word_1_17' title='bbox 841 462 926 522; x_wconf 89' lang='lat' dir='ltr'><strong>opere</strong></span> <span class='ocrx_word' id='word_1_18' title='bbox 947 447 1121 522; x_wconf 80' lang='lat' dir='ltr'><strong>unhginaa</strong></span> <span class='ocrx_word' id='word_1_19' title='bbox 1136 451 1227 510; x_wconf 78' lang='lat' dir='ltr'><strong>macti</strong></span> <span class='ocrx_word' id='word_1_20' title='bbox 1249 449 1375 526; x_wconf 79' lang='lat' dir='ltr'><strong>Spiritus</strong></span> <span class='ocrx_word' id='word_1_21' title='bbox 1396 452 1459 511; x_wconf 90' lang='lat' dir='ltr'><strong>oleo</strong></span> <span class='ocrx_word' id='word_1_22' title='bbox 1478 458 1548 511; x_wconf 91' lang='lat' dir='ltr'><strong>sunt</strong></span> <span class='ocrx_word' id='word_1_23' title='bbox 1565 452 1699 512; x_wconf 75' lang='lat' dir='ltr'><strong>mnditae.</strong></span> <span class='ocrx_word' id='word_1_24' title='bbox 1716 460 1766 520; x_wconf 71' lang='lat'><strong>48</strong></span> <span class='ocrx_word' id='word_1_25' title='bbox 1787 453 1899 526; x_wconf 79' lang='lat' dir='ltr'><strong>Quam·</strong></span> 
     </span>
     <span class='ocr_line' id='line_1_3' title="bbox 146 537 1900 619; baseline 0.001 -16"><span class='ocrx_word' id='word_1_26' title='bbox 146 543 299 619; x_wconf 88' lang='lat' dir='ltr'><strong>guentarii,</strong></span> <span class='ocrx_word' id='word_1_27' title='bbox 316 549 345 601; x_wconf 92' lang='lat' dir='ltr'><strong>et</strong></span> <span class='ocrx_word' id='word_1_28' title='bbox 367 555 459 614; x_wconf 86' lang='lat' dir='ltr'><strong>unges</strong></span> <span class='ocrx_word' id='word_1_29' title='bbox 480 554 515 598; x_wconf 92' lang='lat' dir='ltr'><strong>eo</strong></span> <span class='ocrx_word' id='word_1_30' title='bbox 539 539 757 598; x_wconf 86' lang='lat' dir='ltr'><strong>tabernaculum</strong></span> <span class='ocrx_word' id='word_1_31' title='bbox 781 537 950 605; x_wconf 89' lang='lat' dir='ltr'><strong>testimonii,</strong></span> <span class='ocrx_word' id='word_1_32' title='bbox 970 544 1000 596; x_wconf 92' lang='lat' dir='ltr'><strong>et</strong></span> <span class='ocrx_word' id='word_1_33' title='bbox 1041 538 1140 598; x_wconf 92' lang='lat' dir='ltr'><strong>obrem</strong></span> <span class='ocrx_word' id='word_1_34' title='bbox 1154 547 1182 598; x_wconf 90' lang='lat' dir='ltr'><strong>et</strong></span> <span class='ocrx_word' id='word_1_35' title='bbox 1199 541 1231 599; x_wconf 90' lang='lat' dir='ltr'><strong>irr</strong></span> <span class='ocrx_word' id='word_1_36' title='bbox 1253 540 1327 600; x_wconf 93' lang='lat' dir='ltr'><strong>libro</strong></span> <span class='ocrx_word' id='word_1_37' title='bbox 1343 540 1462 600; x_wconf 89' lang='lat' dir='ltr'><strong>Numeri</strong></span> <span class='ocrx_word' id='word_1_38' title='bbox 1485 541 1611 615; x_wconf 88' lang='lat' dir='ltr'><strong>legitur:</strong></span> <span class='ocrx_word' id='word_1_39' title='bbox 1629 567 1644 592; x_wconf 68' lang='grc' dir='ltr'><strong>«ι</strong></span> <span class='ocrx_word' id='word_1_40' title='bbox 1663 542 1738 613; x_wconf 84' lang='lat' dir='ltr'><strong>Quia</strong></span> <span class='ocrx_word' id='word_1_41' title='bbox 1757 544 1900 604; x_wconf 83' lang='lat' dir='ltr'><strong>circuibat</strong></span> 
     </span>
     <span class='ocr_line' id='line_1_4' title="bbox 145 627 1901 706; baseline 0.001 -13"><span class='ocrx_word' id='word_1_42' title='bbox 145 649 241 693; x_wconf 88' lang='lat' dir='ltr'><strong>arcam</strong></span> <span class='ocrx_word' id='word_1_43' title='bbox 276 629 443 692; x_wconf 87' lang='lat' dir='ltr'><strong>testamenti</strong></span> <span class='ocrx_word' id='word_1_44' title='bbox 468 643 656 704; x_wconf 80' lang='lat' dir='ltr'><strong>mensamque</strong></span> <span class='ocrx_word' id='word_1_45' title='bbox 685 643 753 688; x_wconf 90' lang='lat' dir='ltr'><strong>cum</strong></span> <span class='ocrx_word' id='word_1_46' title='bbox 780 629 899 688; x_wconf 91' lang='lat' dir='ltr'><strong>basibus</strong></span> <span class='ocrx_word' id='word_1_47' title='bbox 925 628 999 700; x_wconf 89' lang='lat' dir='ltr'><strong>suis,</strong></span> <span class='ocrx_word' id='word_1_48' title='bbox 1042 627 1226 703; x_wconf 73' lang='lat' dir='ltr'><strong>proprisset</strong></span> <span class='ocrx_word' id='word_1_49' title='bbox 1252 628 1390 704; x_wconf 91' lang='lat' dir='ltr'><strong>colligens</strong></span> <span class='ocrx_word' id='word_1_50' title='bbox 1415 643 1523 690; x_wconf 88' lang='lat' dir='ltr'><strong>manna</strong></span> <span class='ocrx_word' id='word_1_51' title='bbox 1548 631 1699 706; x_wconf 84' lang='lat' dir='ltr'><strong>frangebat</strong></span> <span class='ocrx_word' id='word_1_52' title='bbox 1725 632 1813 706; x_wconf 89' lang='lat' dir='ltr'><strong>mola,</strong></span> <span class='ocrx_word' id='word_1_53' title='bbox 1838 634 1901 694; x_wconf 83' lang='lat' dir='ltr'><strong>sire</strong></span> 
     </span>
     <span class='ocr_line' id='line_1_5' title="bbox 148 717 1902 794; baseline -0.001 -12"><span class='ocrx_word' id='word_1_54' title='bbox 148 721 354 782; x_wconf 88' lang='lat' dir='ltr'><strong>candelabrum</strong></span> <span class='ocrx_word' id='word_1_55' title='bbox 368 725 396 778; x_wconf 91' lang='lat' dir='ltr'><strong>et</strong></span> <span class='ocrx_word' id='word_1_56' title='bbox 407 717 544 777; x_wconf 77' lang='lat' dir='ltr'><strong>utensilia</strong></span> <span class='ocrx_word' id='word_1_57' title='bbox 556 720 628 794; x_wconf 85' lang='lat' dir='ltr'><strong>ejus,</strong></span> <span class='ocrx_word' id='word_1_58' title='bbox 642 718 744 777; x_wconf 88' lang='lat' dir='ltr'><strong>altaria</strong></span> <span class='ocrx_word' id='word_1_59' title='bbox 762 718 960 793; x_wconf 77' lang='lat' dir='ltr'><strong>thymiamatis</strong></span> <span class='ocrx_word' id='word_1_60' title='bbox 972 724 1000 777; x_wconf 91' lang='lat' dir='ltr'><strong>et</strong></span> <span class='ocrx_word' id='word_1_61' title='bbox 1043 718 1165 776; x_wconf 83' lang='lat' dir='ltr'><strong>terrebat</strong></span> <span class='ocrx_word' id='word_1_62' title='bbox 1186 719 1217 777; x_wconf 91' lang='lat' dir='ltr'><strong>in</strong></span> <span class='ocrx_word' id='word_1_63' title='bbox 1236 718 1384 791; x_wconf 88' lang='lat' dir='ltr'><strong>mortario,</strong></span> <span class='ocrx_word' id='word_1_64' title='bbox 1401 733 1530 793; x_wconf 90' lang='lat' dir='ltr'><strong>coquens</strong></span> <span class='ocrx_word' id='word_1_65' title='bbox 1552 720 1584 779; x_wconf 92' lang='lat' dir='ltr'><strong>in</strong></span> <span class='ocrx_word' id='word_1_66' title='bbox 1603 720 1671 791; x_wconf 86' lang='lat' dir='ltr'><strong>olle,</strong></span> <span class='ocrx_word' id='word_1_67' title='bbox 1686 726 1715 779; x_wconf 89' lang='lat' dir='ltr'><strong>et</strong></span> <span class='ocrx_word' id='word_1_68' title='bbox 1736 721 1846 781; x_wconf 88' lang='lat' dir='ltr'><strong>iaciens</strong></span> <span class='ocrx_word' id='word_1_69' title='bbox 1861 736 1902 781; x_wconf 80' lang='lat' dir='ltr'><strong>ex</strong></span> 
     </span>
     <span class='ocr_line' id='line_1_6' title="bbox 145 802 1808 887; baseline -0.001 -15"><span class='ocrx_word' id='word_1_70' title='bbox 145 811 315 880; x_wconf 75' lang='lat' dir='ltr'><strong>holocausti,</strong></span> <span class='ocrx_word' id='word_1_71' title='bbox 333 816 362 868; x_wconf 90' lang='lat' dir='ltr'><strong>et</strong></span> <span class='ocrx_word' id='word_1_72' title='bbox 381 808 548 867; x_wconf 83' lang='lat' dir='ltr'><strong>nniversam</strong></span> <span class='ocrx_word' id='word_1_73' title='bbox 564 802 781 883; x_wconf 87' lang='lat' dir='ltr'><strong>supellectilem,</strong></span> <span class='ocrx_word' id='word_1_74' title='bbox 802 824 868 885; x_wconf 84' lang='lat' dir='ltr'><strong>quae</strong></span> <span class='ocrx_word' id='word_1_75' title='bbox 882 809 918 867; x_wconf 90' lang='lat' dir='ltr'><strong>ad</strong></span> <span class='ocrx_word' id='word_1_76' title='bbox 937 809 1000 868; x_wconf 90' lang='lat' dir='ltr'><strong>cul-</strong></span> <span class='ocrx_word' id='word_1_77' title='bbox 1042 824 1076 867; x_wconf 92' lang='lat' dir='ltr'><strong>eo</strong></span> <span class='ocrx_word' id='word_1_78' title='bbox 1090 808 1212 870; x_wconf 87' lang='lat' dir='ltr'><strong>tortulas</strong></span> <span class='ocrx_word' id='word_1_79' title='bbox 1225 811 1335 887; x_wconf 90' lang='lat' dir='ltr'><strong>saporis</strong></span> <span class='ocrx_word' id='word_1_80' title='bbox 1348 811 1431 886; x_wconf 87' lang='lat' dir='ltr'><strong>quasi</strong></span> <span class='ocrx_word' id='word_1_81' title='bbox 1445 811 1530 885; x_wconf 84' lang='lat' dir='ltr'><strong>panis</strong></span> <span class='ocrx_word' id='word_1_82' title='bbox 1543 811 1630 872; x_wconf 86' lang='lat' dir='ltr'><strong>oleati</strong></span> <span class='ocrx_word' id='word_1_83' title='bbox 1647 816 1739 880; x_wconf 75' lang='lat' dir='ltr'><strong>(Nur.</strong></span> <span class='ocrx_word' id='word_1_84' title='bbox 1754 817 1808 882; x_wconf 70' lang='grc' dir='ltr'>ει).</span> 
     </span>
    </p>

    <p class='ocr_par' dir='ltr' id='par_1_3' title="bbox 145 893 1900 974">
     <span class='ocr_line' id='line_1_7' title="bbox 145 893 1900 974; baseline 0.002 -16"><span class='ocrx_word' id='word_1_85' title='bbox 145 907 208 960; x_wconf 91' lang='lat' dir='ltr'><strong>tum</strong></span> <span class='ocrx_word' id='word_1_86' title='bbox 223 915 324 960; x_wconf 86' lang='lat' dir='ltr'><strong>sorum</strong></span> <span class='ocrx_word' id='word_1_87' title='bbox 338 898 472 974; x_wconf 80' lang='lat' dir='ltr'><strong>pertinet,</strong></span> <span class='ocrx_word' id='word_1_88' title='bbox 486 897 857 974; x_wconf 80' lang='lat' dir='ltr'><strong>sanctificabisqueomnia,</strong></span> <span class='ocrx_word' id='word_1_89' title='bbox 873 904 900 958; x_wconf 91' lang='lat' dir='ltr'><strong>et</strong></span> <span class='ocrx_word' id='word_1_90' title='bbox 915 904 1001 959; x_wconf 89' lang='lat' dir='ltr'><strong>erunt</strong></span> <span class='ocrx_word' id='word_1_91' title='bbox 1079 896 1166 957; x_wconf 80' lang='lat' dir='ltr'><strong>Porro</strong></span> <span class='ocrx_word' id='word_1_92' title='bbox 1187 904 1284 957; x_wconf 89' lang='lat' dir='ltr'><strong>autem</strong></span> <span class='ocrx_word' id='word_1_93' title='bbox 1303 899 1386 974; x_wconf 89' lang='lat' dir='ltr'><strong>quasi</strong></span> <span class='ocrx_word' id='word_1_94' title='bbox 1405 911 1457 974; x_wconf 84' lang='lat' dir='ltr'><strong>per</strong></span> <span class='ocrx_word' id='word_1_95' title='bbox 1471 893 1563 958; x_wconf 86' lang='lat' dir='ltr'><strong>multa</strong></span> <span class='ocrx_word' id='word_1_96' title='bbox 1587 900 1618 959; x_wconf 93' lang='lat' dir='ltr'><strong>in</strong></span> <span class='ocrx_word' id='word_1_97' title='bbox 1641 899 1758 961; x_wconf 87' lang='lat' dir='ltr'><strong>cellario</strong></span> <span class='ocrx_word' id='word_1_98' title='bbox 1781 899 1900 961; x_wconf 86' lang='lat' dir='ltr'><strong>Domini</strong></span> 
     </span>
    </p>
   </div>
   <div class='ocr_carea' id='block_1_3' title="bbox 147 984 2023 1061">
    <p class='ocr_par' dir='ltr' id='par_1_4' title="bbox 147 984 2023 1061">
     <span class='ocr_line' id='line_1_8' title="bbox 147 984 2023 1061; baseline -0.001 -13"><span class='ocrx_word' id='word_1_99' title='bbox 147 988 251 1049; x_wconf 89' lang='lat' dir='ltr'><strong>Sancta</strong></span> <span class='ocrx_word' id='word_1_100' title='bbox 274 995 438 1046; x_wconf 91' lang='lat' dir='ltr'><strong>sanctorum</strong></span> <span class='ocrx_word' id='word_1_101' title='bbox 449 1005 459 1058; x_wconf 83' lang='lat'>3</span> <span class='ocrx_word' id='word_1_102' title='bbox 485 985 536 1061; x_wconf 94' lang='lat' dir='ltr'><strong>qui</strong></span> <span class='ocrx_word' id='word_1_103' title='bbox 563 984 689 1060; x_wconf 87' lang='lat' dir='ltr'><strong>tetigerit</strong></span> <span class='ocrx_word' id='word_1_104' title='bbox 715 1002 748 1045; x_wconf 89' lang='lat' dir='ltr'><strong>ea</strong></span> <span class='ocrx_word' id='word_1_105' title='bbox 776 987 1002 1048; x_wconf 73' lang='lat' dir='ltr'><strong>sanctificabitur</strong></span> <span class='ocrx_word' id='word_1_106' title='bbox 1042 985 1119 1045; x_wconf 89' lang='lat' dir='ltr'><strong>dolia</strong></span> <span class='ocrx_word' id='word_1_107' title='bbox 1131 986 1284 1045; x_wconf 89' lang='lat' dir='ltr'><strong>transitum</strong></span> <span class='ocrx_word' id='word_1_108' title='bbox 1299 987 1465 1059; x_wconf 85' lang='lat' dir='ltr'><strong>habuimus,</strong></span> <span class='ocrx_word' id='word_1_109' title='bbox 1482 995 1515 1047; x_wconf 91' lang='lat' dir='ltr'><strong>ut</strong></span> <span class='ocrx_word' id='word_1_110' title='bbox 1528 987 1565 1047; x_wconf 88' lang='lat' dir='ltr'><strong>ad</strong></span> <span class='ocrx_word' id='word_1_111' title='bbox 1580 988 1675 1048; x_wconf 90' lang='lat' dir='ltr'><strong>solum</strong></span> <span class='ocrx_word' id='word_1_112' title='bbox 1688 987 1827 1061; x_wconf 83' lang='lat' dir='ltr'><strong>oleatum,</strong></span> <span class='ocrx_word' id='word_1_113' title='bbox 1841 988 1904 1048; x_wconf 84' lang='lat' dir='ltr'><strong>vel·</strong></span> <span class='ocrx_word' id='word_1_114' title='bbox 2022 987 2023 1004; x_wconf 46' lang='lat' dir='ltr'><strong>l</strong></span> 
     </span>
    </p>
   </div>
   <div class='ocr_carea' id='block_1_4' title="bbox 62 1074 1906 1870">
    <p class='ocr_par' dir='ltr' id='par_1_5' title="bbox 62 1074 1906 1870">
     <span class='ocr_line' id='line_1_9' title="bbox 62 1074 1904 1153; baseline 0.002 -17"><span class='ocrx_word' id='word_1_115' title='bbox 62 1085 72 1110; x_wconf 84' lang='lat'><strong><em>‘</em></strong></span> <span class='ocrx_word' id='word_1_116' title='bbox 145 1081 246 1148; x_wconf 74' lang='lat' dir='ltr'><strong>(seed</strong></span> <span class='ocrx_word' id='word_1_117' title='bbox 264 1081 354 1147; x_wconf 82' lang='lat' dir='ltr'>xxx).</span> <span class='ocrx_word' id='word_1_118' title='bbox 374 1101 388 1125; x_wconf 83' lang='lat'>»</span> <span class='ocrx_word' id='word_1_119' title='bbox 404 1075 559 1150; x_wconf 88' lang='lat' dir='ltr'><strong>Mysticum</strong></span> <span class='ocrx_word' id='word_1_120' title='bbox 574 1076 672 1150; x_wconf 85' lang='lat' dir='ltr'><strong>itaque</strong></span> <span class='ocrx_word' id='word_1_121' title='bbox 689 1076 825 1148; x_wconf 79' lang='lat' dir='ltr'><strong>chrisma,</strong></span> <span class='ocrx_word' id='word_1_122' title='bbox 839 1077 913 1153; x_wconf 93' lang='lat' dir='ltr'><strong>quod</strong></span> <span class='ocrx_word' id='word_1_123' title='bbox 931 1084 1002 1137; x_wconf 91' lang='lat' dir='ltr'><strong>tunc</strong></span> <span class='ocrx_word' id='word_1_124' title='bbox 1043 1080 1076 1136; x_wconf 89' lang='lat' dir='ltr'><strong>ut</strong></span> <span class='ocrx_word' id='word_1_125' title='bbox 1090 1074 1147 1135; x_wconf 89' lang='lat' dir='ltr'><strong>olei</strong></span> <span class='ocrx_word' id='word_1_126' title='bbox 1164 1076 1315 1136; x_wconf 76' lang='lat' dir='ltr'><strong>ramulum</strong></span> <span class='ocrx_word' id='word_1_127' title='bbox 1330 1077 1484 1151; x_wconf 82' lang='lat' dir='ltr'><strong>pervenire</strong></span> <span class='ocrx_word' id='word_1_128' title='bbox 1508 1091 1667 1152; x_wconf 77' lang='lat' dir='ltr'><strong>possemm.</strong></span> <span class='ocrx_word' id='word_1_129' title='bbox 1689 1078 1796 1139; x_wconf 75' lang='lat' dir='ltr'><strong>Munna</strong></span> <span class='ocrx_word' id='word_1_130' title='bbox 1820 1079 1904 1139; x_wconf 90' lang='lat' dir='ltr'><strong>deni·</strong></span> 
     </span>
     <span class='ocr_line' id='line_1_10' title="bbox 142 1163 1905 1243; baseline 0.001 -18"><span class='ocrx_word' id='word_1_131' title='bbox 142 1166 327 1226; x_wconf 82' lang='lat' dir='ltr'><strong>consecrabat</strong></span> <span class='ocrx_word' id='word_1_132' title='bbox 354 1164 572 1225; x_wconf 87' lang='lat' dir='ltr'><strong>tabernaculum</strong></span> <span class='ocrx_word' id='word_1_133' title='bbox 597 1165 628 1224; x_wconf 93' lang='lat' dir='ltr'><strong>in</strong></span> <span class='ocrx_word' id='word_1_134' title='bbox 654 1166 775 1238; x_wconf 88' lang='lat' dir='ltr'><strong>deserto,</strong></span> <span class='ocrx_word' id='word_1_135' title='bbox 798 1181 880 1226; x_wconf 91' lang='lat' dir='ltr'><strong>nunc</strong></span> <span class='ocrx_word' id='word_1_136' title='bbox 903 1163 1001 1225; x_wconf 79' lang='lat' dir='ltr'><strong>Eccle·</strong></span> <span class='ocrx_word' id='word_1_137' title='bbox 1021 1179 1110 1238; x_wconf 73' lang='lat' dir='ltr'><strong>que,</strong></span> <span class='ocrx_word' id='word_1_138' title='bbox 1125 1178 1184 1239; x_wconf 91' lang='lat' dir='ltr'><strong>qno</strong></span> <span class='ocrx_word' id='word_1_139' title='bbox 1202 1164 1283 1239; x_wconf 87' lang='lat' dir='ltr'><strong>plebs</strong></span> <span class='ocrx_word' id='word_1_140' title='bbox 1304 1164 1421 1225; x_wconf 83' lang='lat' dir='ltr'><strong>vivebat</strong></span> <span class='ocrx_word' id='word_1_141' title='bbox 1443 1164 1613 1238; x_wconf 83' lang='lat' dir='ltr'><strong>israelitica,</strong></span> <span class='ocrx_word' id='word_1_142' title='bbox 1628 1181 1744 1227; x_wconf 85' lang='lat' dir='ltr'><strong>sacrum</strong></span> <span class='ocrx_word' id='word_1_143' title='bbox 1765 1168 1905 1243; x_wconf 75' lang='lat' dir='ltr'><strong>designa·</strong></span> 
     </span>
     <span class='ocr_line' id='line_1_11' title="bbox 141 1253 1905 1334; baseline 0.002 -20"><span class='ocrx_word' id='word_1_144' title='bbox 141 1256 215 1314; x_wconf 90' lang='lat' dir='ltr'><strong>siam</strong></span> <span class='ocrx_word' id='word_1_145' title='bbox 240 1256 272 1313; x_wconf 91' lang='lat' dir='ltr'><strong>iu</strong></span> <span class='ocrx_word' id='word_1_146' title='bbox 299 1269 376 1313; x_wconf 86' lang='lat' dir='ltr'><strong>noro</strong></span> <span class='ocrx_word' id='word_1_147' title='bbox 410 1253 570 1312; x_wconf 83' lang='lat' dir='ltr'><strong>sanctificat</strong></span> <span class='ocrx_word' id='word_1_148' title='bbox 598 1259 775 1314; x_wconf 85' lang='lat' dir='ltr'><strong>testamento.</strong></span> <span class='ocrx_word' id='word_1_149' title='bbox 805 1254 887 1325; x_wconf 88' lang='lat' dir='ltr'><strong>Quod</strong></span> <span class='ocrx_word' id='word_1_150' title='bbox 914 1255 1001 1314; x_wconf 90' lang='lat' dir='ltr'><strong>etiam</strong></span> <span class='ocrx_word' id='word_1_151' title='bbox 1045 1255 1091 1314; x_wconf 90' lang='lat' dir='ltr'><strong>bat</strong></span> <span class='ocrx_word' id='word_1_152' title='bbox 1119 1254 1366 1331; x_wconf 74' lang='lat' dir='ltr'><strong>eloquiumque</strong></span> <span class='ocrx_word' id='word_1_153' title='bbox 1402 1258 1533 1316; x_wconf 90' lang='lat' dir='ltr'><strong>nutritur</strong></span> <span class='ocrx_word' id='word_1_154' title='bbox 1556 1263 1585 1316; x_wconf 91' lang='lat' dir='ltr'><strong>et</strong></span> <span class='ocrx_word' id='word_1_155' title='bbox 1619 1263 1769 1332; x_wconf 67' lang='lat' dir='ltr'><strong>regamur</strong></span> <span class='ocrx_word' id='word_1_156' title='bbox 1800 1258 1905 1334; x_wconf 80' lang='lat' dir='ltr'><strong>religio</strong></span> 
     </span>
     <span class='ocr_line' id='line_1_12' title="bbox 144 1340 1906 1425; baseline 0.005 -22"><span class='ocrx_word' id='word_1_157' title='bbox 144 1347 357 1403; x_wconf 86' lang='lat' dir='ltr'><strong>sacramentum</strong></span> <span class='ocrx_word' id='word_1_158' title='bbox 377 1347 448 1401; x_wconf 86' lang='lat' dir='ltr'><strong>tunc</strong></span> <span class='ocrx_word' id='word_1_159' title='bbox 466 1340 588 1402; x_wconf 83' lang='lat' dir='ltr'><strong>uberius</strong></span> <span class='ocrx_word' id='word_1_160' title='bbox 603 1347 631 1399; x_wconf 88' lang='lat' dir='ltr'><strong>et</strong></span> <span class='ocrx_word' id='word_1_161' title='bbox 649 1342 793 1416; x_wconf 81' lang='lat' dir='ltr'><strong>copiosius</strong></span> <span class='ocrx_word' id='word_1_162' title='bbox 810 1342 924 1402; x_wconf 92' lang='lat' dir='ltr'><strong>videtur</strong></span> <span class='ocrx_word' id='word_1_163' title='bbox 943 1343 1002 1402; x_wconf 92' lang='lat' dir='ltr'><strong>im·</strong></span> <span class='ocrx_word' id='word_1_164' title='bbox 1043 1345 1216 1406; x_wconf 79' lang='lat' dir='ltr'><strong>Christiana.</strong></span> <span class='ocrx_word' id='word_1_165' title='bbox 1232 1346 1314 1417; x_wconf 78' lang='lat' dir='ltr'><strong>Quod</strong></span> <span class='ocrx_word' id='word_1_166' title='bbox 1331 1347 1433 1424; x_wconf 89' lang='lat' dir='ltr'><strong>utique</strong></span> <span class='ocrx_word' id='word_1_167' title='bbox 1452 1348 1593 1408; x_wconf 72' lang='lat' dir='ltr'><strong>amciter</strong></span> <span class='ocrx_word' id='word_1_168' title='bbox 1615 1351 1741 1409; x_wconf 89' lang='lat' dir='ltr'><strong>oleatum</strong></span> <span class='ocrx_word' id='word_1_169' title='bbox 1762 1356 1816 1421; x_wconf 87' lang='lat' dir='ltr'><strong>cst,</strong></span> <span class='ocrx_word' id='word_1_170' title='bbox 1831 1352 1906 1425; x_wconf 79' lang='lat' dir='ltr'><strong>quis</strong></span> 
     </span>
     <span class='ocr_line' id='line_1_13' title="bbox 142 1430 1903 1515; baseline 0.005 -25"><span class='ocrx_word' id='word_1_171' title='bbox 142 1432 253 1508; x_wconf 88' lang='lat' dir='ltr'><strong>pletum</strong></span> <span class='ocrx_word' id='word_1_172' title='bbox 267 1477 277 1503; x_wconf 79' lang='lat'><strong>,</strong></span> <span class='ocrx_word' id='word_1_173' title='bbox 291 1446 359 1491; x_wconf 91' lang='lat' dir='ltr'><strong>cum</strong></span> <span class='ocrx_word' id='word_1_174' title='bbox 383 1430 559 1505; x_wconf 83' lang='lat' dir='ltr'><strong>Redemptor</strong></span> <span class='ocrx_word' id='word_1_175' title='bbox 579 1439 676 1490; x_wconf 91' lang='lat' dir='ltr'><strong>noster</strong></span> <span class='ocrx_word' id='word_1_176' title='bbox 701 1432 738 1491; x_wconf 91' lang='lat' dir='ltr'><strong>de</strong></span> <span class='ocrx_word' id='word_1_177' title='bbox 759 1430 893 1491; x_wconf 81' lang='lat' dir='ltr'><strong>iordanis</strong></span> <span class='ocrx_word' id='word_1_178' title='bbox 915 1431 1002 1492; x_wconf 88' lang='lat' dir='ltr'><strong>undis</strong></span> <span class='ocrx_word' id='word_1_179' title='bbox 1043 1436 1164 1511; x_wconf 88' lang='lat' dir='ltr'><strong>mystica</strong></span> <span class='ocrx_word' id='word_1_180' title='bbox 1192 1436 1284 1495; x_wconf 90' lang='lat' dir='ltr'><strong>sancti</strong></span> <span class='ocrx_word' id='word_1_181' title='bbox 1313 1436 1438 1511; x_wconf 86' lang='lat' dir='ltr'><strong>Spiritus</strong></span> <span class='ocrx_word' id='word_1_182' title='bbox 1462 1442 1506 1496; x_wconf 87' lang='lat' dir='ltr'><strong>ast</strong></span> <span class='ocrx_word' id='word_1_183' title='bbox 1536 1438 1674 1498; x_wconf 89' lang='lat' dir='ltr'><strong>unctione</strong></span> <span class='ocrx_word' id='word_1_184' title='bbox 1700 1453 1903 1515; x_wconf 89' lang='lat' dir='ltr'><strong>conspersum.</strong></span> 
     </span>
     <span class='ocr_line' id='line_1_14' title="bbox 143 1521 1906 1601; baseline 0.002 -17"><span class='ocrx_word' id='word_1_185' title='bbox 143 1524 301 1598; x_wconf 84' lang='lat' dir='ltr'><strong>baptizatus</strong></span> <span class='ocrx_word' id='word_1_186' title='bbox 326 1522 410 1594; x_wconf 83' lang='lat' dir='ltr'><strong>exiit,</strong></span> <span class='ocrx_word' id='word_1_187' title='bbox 436 1527 465 1580; x_wconf 90' lang='lat' dir='ltr'><strong>et</strong></span> <span class='ocrx_word' id='word_1_188' title='bbox 487 1523 592 1595; x_wconf 88' lang='lat' dir='ltr'><strong>apertis</strong></span> <span class='ocrx_word' id='word_1_189' title='bbox 616 1521 696 1581; x_wconf 89' lang='lat' dir='ltr'><strong>coelis</strong></span> <span class='ocrx_word' id='word_1_190' title='bbox 720 1522 853 1597; x_wconf 86' lang='lat' dir='ltr'><strong>protinus</strong></span> <span class='ocrx_word' id='word_1_191' title='bbox 874 1522 907 1581; x_wconf 93' lang='lat' dir='ltr'><strong>in</strong></span> <span class='ocrx_word' id='word_1_192' title='bbox 931 1538 1001 1582; x_wconf 91' lang='lat' dir='ltr'><strong>sum</strong></span> <span class='ocrx_word' id='word_1_193' title='bbox 1043 1522 1209 1584; x_wconf 87' lang='lat' dir='ltr'><strong>Notandum</strong></span> <span class='ocrx_word' id='word_1_194' title='bbox 1233 1540 1303 1584; x_wconf 81' lang='lat' dir='ltr'><strong>raro</strong></span> <span class='ocrx_word' id='word_1_195' title='bbox 1328 1525 1400 1600; x_wconf 89' lang='lat' dir='ltr'><strong>quia</strong></span> <span class='ocrx_word' id='word_1_196' title='bbox 1425 1525 1504 1585; x_wconf 91' lang='lat' dir='ltr'><strong>idem</strong></span> <span class='ocrx_word' id='word_1_197' title='bbox 1529 1541 1647 1598; x_wconf 89' lang='lat' dir='ltr'><strong>manna,</strong></span> <span class='ocrx_word' id='word_1_198' title='bbox 1672 1528 1749 1601; x_wconf 93' lang='lat' dir='ltr'><strong>quod</strong></span> <span class='ocrx_word' id='word_1_199' title='bbox 1772 1527 1803 1586; x_wconf 93' lang='lat' dir='ltr'><strong>in</strong></span> <span class='ocrx_word' id='word_1_200' title='bbox 1827 1527 1906 1588; x_wconf 87' lang='lat' dir='ltr'><strong>libro</strong></span> 
     </span>
     <span class='ocr_line' id='line_1_15' title="bbox 144 1609 1904 1691; baseline 0.002 -18"><span class='ocrx_word' id='word_1_201' title='bbox 144 1611 270 1689; x_wconf 86' lang='lat' dir='ltr'><strong>Spiritus</strong></span> <span class='ocrx_word' id='word_1_202' title='bbox 285 1617 402 1670; x_wconf 90' lang='lat' dir='ltr'><strong>sanctus</strong></span> <span class='ocrx_word' id='word_1_203' title='bbox 413 1610 445 1668; x_wconf 92' lang='lat' dir='ltr'><strong>in</strong></span> <span class='ocrx_word' id='word_1_204' title='bbox 458 1609 602 1670; x_wconf 70' lang='lat' dir='ltr'><strong>columbae</strong></span> <span class='ocrx_word' id='word_1_205' title='bbox 615 1611 708 1685; x_wconf 90' lang='lat' dir='ltr'><strong>specie</strong></span> <span class='ocrx_word' id='word_1_206' title='bbox 722 1611 875 1670; x_wconf 77' lang='lat' dir='ltr'><strong>manifesta</strong></span> <span class='ocrx_word' id='word_1_207' title='bbox 889 1611 1002 1670; x_wconf 80' lang='lat' dir='ltr'><strong>risione</strong></span> <span class='ocrx_word' id='word_1_208' title='bbox 1044 1612 1165 1672; x_wconf 89' lang='lat' dir='ltr'><strong>Numeri</strong></span> <span class='ocrx_word' id='word_1_209' title='bbox 1188 1613 1295 1674; x_wconf 90' lang='lat' dir='ltr'><strong>dicitur</strong></span> <span class='ocrx_word' id='word_1_210' title='bbox 1313 1615 1450 1687; x_wconf 90' lang='lat' dir='ltr'><strong>oleatum,</strong></span> <span class='ocrx_word' id='word_1_211' title='bbox 1462 1615 1493 1674; x_wconf 95' lang='lat' dir='ltr'><strong>in</strong></span> <span class='ocrx_word' id='word_1_212' title='bbox 1515 1613 1616 1675; x_wconf 78' lang='lat' dir='ltr'><strong>Exodo</strong></span> <span class='ocrx_word' id='word_1_213' title='bbox 1630 1616 1736 1690; x_wconf 88' lang='lat' dir='ltr'><strong>legitur</strong></span> <span class='ocrx_word' id='word_1_214' title='bbox 1754 1632 1815 1676; x_wconf 89' lang='lat' dir='ltr'><strong>non</strong></span> <span class='ocrx_word' id='word_1_215' title='bbox 1833 1616 1904 1691; x_wconf 84' lang='lat' dir='ltr'><strong>olel,</strong></span> 
     </span>
     <span class='ocr_line' id='line_1_16' title="bbox 142 1700 1905 1779; baseline 0.002 -17"><span class='ocrx_word' id='word_1_216' title='bbox 142 1701 300 1772; x_wconf 86' lang='lat' dir='ltr'><strong>descendit,</strong></span> <span class='ocrx_word' id='word_1_217' title='bbox 320 1716 448 1776; x_wconf 82' lang='lat' dir='ltr'><strong>moxque</strong></span> <span class='ocrx_word' id='word_1_218' title='bbox 471 1715 530 1761; x_wconf 84' lang='lat' dir='ltr'><strong>uox</strong></span> <span class='ocrx_word' id='word_1_219' title='bbox 554 1701 647 1778; x_wconf 79' lang='lat' dir='ltr'><strong>Patris</strong></span> <span class='ocrx_word' id='word_1_220' title='bbox 664 1702 822 1761; x_wconf 86' lang='lat' dir='ltr'><strong>intonans:</strong></span> <span class='ocrx_word' id='word_1_221' title='bbox 841 1726 853 1753; x_wconf 68' lang='grc' dir='ltr'><strong>υ</strong></span> <span class='ocrx_word' id='word_1_222' title='bbox 870 1701 925 1762; x_wconf 91' lang='lat' dir='ltr'><strong>Hic</strong></span> <span class='ocrx_word' id='word_1_223' title='bbox 947 1708 1000 1774; x_wconf 82' lang='lat' dir='ltr'><strong>ast,</strong></span> <span class='ocrx_word' id='word_1_224' title='bbox 1043 1700 1091 1760; x_wconf 90' lang='lat' dir='ltr'><strong>sed</strong></span> <span class='ocrx_word' id='word_1_225' title='bbox 1118 1700 1214 1761; x_wconf 91' lang='lat' dir='ltr'><strong>mellis</strong></span> <span class='ocrx_word' id='word_1_226' title='bbox 1236 1703 1332 1777; x_wconf 89' lang='lat' dir='ltr'><strong>potius</strong></span> <span class='ocrx_word' id='word_1_227' title='bbox 1353 1704 1490 1764; x_wconf 87' lang='lat' dir='ltr'><strong>babuisse</strong></span> <span class='ocrx_word' id='word_1_228' title='bbox 1509 1717 1641 1779; x_wconf 84' lang='lat' dir='ltr'><strong>saporem</strong></span> <span class='ocrx_word' id='word_1_229' title='bbox 1656 1722 1663 1762; x_wconf 91' lang='lat'>:</span> <span class='ocrx_word' id='word_1_230' title='bbox 1681 1725 1692 1757; x_wconf 85' lang='grc' dir='ltr'>ι</span> <span class='ocrx_word' id='word_1_231' title='bbox 1715 1703 1838 1778; x_wconf 84' lang='lat' dir='ltr'><strong>Gustus,</strong></span> <span class='ocrx_word' id='word_1_232' title='bbox 1855 1705 1905 1765; x_wconf 86' lang='lat' dir='ltr'><strong>iu-</strong></span> 
     </span>
     <span class='ocr_line' id='line_1_17' title="bbox 144 1789 1902 1870; baseline -0.002 -19"><span class='ocrx_word' id='word_1_233' title='bbox 144 1792 251 1867; x_wconf 89' lang='lat' dir='ltr'><strong>inquit,</strong></span> <span class='ocrx_word' id='word_1_234' title='bbox 267 1790 359 1850; x_wconf 82' lang='lat' dir='ltr'><strong>Eilius</strong></span> <span class='ocrx_word' id='word_1_235' title='bbox 375 1805 458 1851; x_wconf 92' lang='lat' dir='ltr'><strong>meus</strong></span> <span class='ocrx_word' id='word_1_236' title='bbox 471 1789 604 1862; x_wconf 84' lang='lat' dir='ltr'><strong>dilectus,</strong></span> <span class='ocrx_word' id='word_1_237' title='bbox 619 1792 650 1849; x_wconf 92' lang='lat' dir='ltr'><strong>in</strong></span> <span class='ocrx_word' id='word_1_238' title='bbox 671 1806 729 1866; x_wconf 95' lang='lat' dir='ltr'><strong>quo</strong></span> <span class='ocrx_word' id='word_1_239' title='bbox 750 1791 824 1850; x_wconf 91' lang='lat' dir='ltr'><strong>mibi</strong></span> <span class='ocrx_word' id='word_1_240' title='bbox 840 1790 1000 1865; x_wconf 89' lang='lat' dir='ltr'><strong>complacui</strong></span> <span class='ocrx_word' id='word_1_241' title='bbox 1010 1789 1117 1870; x_wconf 74' lang='lat' dir='ltr'><strong>Bquit,</strong></span> <span class='ocrx_word' id='word_1_242' title='bbox 1132 1789 1196 1864; x_wconf 83' lang='lat' dir='ltr'><strong>ejus</strong></span> <span class='ocrx_word' id='word_1_243' title='bbox 1215 1797 1276 1850; x_wconf 90' lang='lat' dir='ltr'><strong>erat</strong></span> <span class='ocrx_word' id='word_1_244' title='bbox 1288 1793 1372 1867; x_wconf 88' lang='lat' dir='ltr'><strong>quasi</strong></span> <span class='ocrx_word' id='word_1_245' title='bbox 1386 1792 1492 1852; x_wconf 84' lang='lat' dir='ltr'><strong>similae</strong></span> <span class='ocrx_word' id='word_1_246' title='bbox 1504 1808 1571 1854; x_wconf 89' lang='lat' dir='ltr'><strong>cum</strong></span> <span class='ocrx_word' id='word_1_247' title='bbox 1583 1791 1778 1864; x_wconf 79' lang='lat' dir='ltr'><strong>mellelEcod.</strong></span> <span class='ocrx_word' id='word_1_248' title='bbox 1797 1798 1902 1862; x_wconf 72' lang='lat' dir='ltr'><strong>xuni.»</strong></span> 
     </span>
    </p>
   </div>
   <div class='ocr_carea' id='block_1_5' title="bbox 142 1876 2026 1956">
    <p class='ocr_par' dir='ltr' id='par_1_6' title="bbox 142 1876 2026 1956">
     <span class='ocr_line' id='line_1_18' title="bbox 142 1876 2026 1956; baseline 0.004 -19"><span class='ocrx_word' id='word_1_249' title='bbox 142 1881 356 1953; x_wconf 70' lang='lat' dir='ltr'><strong>tharthan.»</strong></span> <span class='ocrx_word' id='word_1_250' title='bbox 380 1876 548 1936; x_wconf 87' lang='lat' dir='ltr'><strong>Huncesse</strong></span> <span class='ocrx_word' id='word_1_251' title='bbox 566 1878 716 1952; x_wconf 87' lang='lat' dir='ltr'><strong>perspicue</strong></span> <span class='ocrx_word' id='word_1_252' title='bbox 733 1876 934 1952; x_wconf 89' lang='lat' dir='ltr'><strong>comprobans,</strong></span> <span class='ocrx_word' id='word_1_253' title='bbox 950 1877 998 1942; x_wconf 80' lang='lat' dir='ltr'><strong>cui</strong></span> <span class='ocrx_word' id='word_1_254' title='bbox 1042 1879 1188 1949; x_wconf 79' lang='lat' dir='ltr'><strong>Quidnam</strong></span> <span class='ocrx_word' id='word_1_255' title='bbox 1205 1885 1248 1940; x_wconf 89' lang='lat' dir='ltr'><strong>est</strong></span> <span class='ocrx_word' id='word_1_256' title='bbox 1267 1881 1507 1956; x_wconf 85' lang='lat' dir='ltr'><strong>quodangelicus</strong></span> <span class='ocrx_word' id='word_1_257' title='bbox 1527 1880 1578 1940; x_wconf 88' lang='lat' dir='ltr'><strong>ille</strong></span> <span class='ocrx_word' id='word_1_258' title='bbox 1596 1881 1679 1941; x_wconf 90' lang='lat' dir='ltr'><strong>cibus</strong></span> <span class='ocrx_word' id='word_1_259' title='bbox 1699 1882 1904 1956; x_wconf 84' lang='lat' dir='ltr'><strong>priusdicitur</strong></span> <span class='ocrx_word' id='word_1_260' title='bbox 2020 1881 2026 1924; x_wconf 59' lang='grc' dir='ltr'>ἕ</span> 
     </span>
    </p>
   </div>
   <div class='ocr_carea' id='block_1_6' title="bbox 139 1963 1904 2133">
    <p class='ocr_par' dir='ltr' id='par_1_7' title="bbox 139 1963 1904 2133">
     <span class='ocr_line' id='line_1_19' title="bbox 141 1963 1904 2044; baseline 0.002 -16"><span class='ocrx_word' id='word_1_261' title='bbox 141 1964 232 2028; x_wconf 75' lang='lat' dir='ltr'><strong>David</strong></span> <span class='ocrx_word' id='word_1_262' title='bbox 256 1963 327 2024; x_wconf 92' lang='lat' dir='ltr'><strong>olim</strong></span> <span class='ocrx_word' id='word_1_263' title='bbox 349 1964 450 2024; x_wconf 88' lang='lat' dir='ltr'><strong>eodem</strong></span> <span class='ocrx_word' id='word_1_264' title='bbox 476 1965 587 2040; x_wconf 86' lang='lat' dir='ltr'><strong>Spiritu</strong></span> <span class='ocrx_word' id='word_1_265' title='bbox 612 1966 746 2039; x_wconf 90' lang='lat' dir='ltr'><strong>edoctus,</strong></span> <span class='ocrx_word' id='word_1_266' title='bbox 762 1965 878 2026; x_wconf 88' lang='lat' dir='ltr'><strong>aiebat:</strong></span> <span class='ocrx_word' id='word_1_267' title='bbox 906 1966 998 2024; x_wconf 77' lang='lat' dir='ltr'><strong>rUn·</strong></span> <span class='ocrx_word' id='word_1_268' title='bbox 1042 1967 1137 2028; x_wconf 86' lang='lat' dir='ltr'><strong>mellis</strong></span> <span class='ocrx_word' id='word_1_269' title='bbox 1163 1969 1333 2028; x_wconf 79' lang='lat' dir='ltr'><strong>exhibuisse</strong></span> <span class='ocrx_word' id='word_1_270' title='bbox 1358 1969 1561 2042; x_wconf 85' lang='lat' dir='ltr'><strong>dulcedinem,</strong></span> <span class='ocrx_word' id='word_1_271' title='bbox 1577 1977 1606 2029; x_wconf 90' lang='lat' dir='ltr'><strong>et</strong></span> <span class='ocrx_word' id='word_1_272' title='bbox 1630 1969 1815 2044; x_wconf 89' lang='lat' dir='ltr'><strong>postmodum</strong></span> <span class='ocrx_word' id='word_1_273' title='bbox 1844 1983 1904 2033; x_wconf 90' lang='lat' dir='ltr'><strong>nnn</strong></span> 
     </span>
     <span class='ocr_line' id='line_1_20' title="bbox 139 2055 1904 2133; baseline 0.002 -18"><span class='ocrx_word' id='word_1_274' title='bbox 139 2058 184 2116; x_wconf 84' lang='lat' dir='ltr'><strong>ait</strong></span> <span class='ocrx_word' id='word_1_275' title='bbox 208 2063 235 2116; x_wconf 88' lang='lat' dir='ltr'><strong>te</strong></span> <span class='ocrx_word' id='word_1_276' title='bbox 260 2055 403 2115; x_wconf 85' lang='lat' dir='ltr'><strong>Dominus</strong></span> <span class='ocrx_word' id='word_1_277' title='bbox 428 2056 505 2116; x_wconf 90' lang='lat' dir='ltr'><strong>Deus</strong></span> <span class='ocrx_word' id='word_1_278' title='bbox 529 2064 598 2116; x_wconf 88' lang='lat' dir='ltr'><strong>tuus</strong></span> <span class='ocrx_word' id='word_1_279' title='bbox 625 2058 689 2117; x_wconf 91' lang='lat' dir='ltr'><strong>oleo</strong></span> <span class='ocrx_word' id='word_1_280' title='bbox 712 2058 821 2117; x_wconf 85' lang='lat' dir='ltr'><strong>laetitiae</strong></span> <span class='ocrx_word' id='word_1_281' title='bbox 845 2073 907 2132; x_wconf 83' lang='lat' dir='ltr'><strong>prae</strong></span> <span class='ocrx_word' id='word_1_282' title='bbox 927 2072 998 2117; x_wconf 91' lang='lat' dir='ltr'><strong>oon·</strong></span> <span class='ocrx_word' id='word_1_283' title='bbox 1041 2057 1146 2129; x_wconf 87' lang='lat' dir='ltr'><strong>mellis,</strong></span> <span class='ocrx_word' id='word_1_284' title='bbox 1162 2056 1212 2117; x_wconf 88' lang='lat' dir='ltr'><strong>sed</strong></span> <span class='ocrx_word' id='word_1_285' title='bbox 1228 2055 1285 2116; x_wconf 91' lang='lat' dir='ltr'><strong>olei</strong></span> <span class='ocrx_word' id='word_1_286' title='bbox 1300 2057 1458 2131; x_wconf 80' lang='lat' dir='ltr'><strong>praebuisse</strong></span> <span class='ocrx_word' id='word_1_287' title='bbox 1477 2057 1659 2130; x_wconf 82' lang='lat' dir='ltr'><strong>suavitatem,</strong></span> <span class='ocrx_word' id='word_1_288' title='bbox 1674 2058 1732 2118; x_wconf 88' lang='lat' dir='ltr'><strong>nisi</strong></span> <span class='ocrx_word' id='word_1_289' title='bbox 1746 2059 1827 2133; x_wconf 92' lang='lat' dir='ltr'><strong>quod</strong></span> <span class='ocrx_word' id='word_1_290' title='bbox 1845 2059 1904 2119; x_wconf 84' lang='lat' dir='ltr'><strong>Rs·</strong></span> 
     </span>
    </p>
   </div>
   <div class='ocr_carea' id='block_1_7' title="bbox 138 2145 2024 2226">
    <p class='ocr_par' dir='ltr' id='par_1_8' title="bbox 138 2145 2024 2226">
     <span class='ocr_line' id='line_1_21' title="bbox 138 2145 2024 2226; baseline 0.002 -20"><span class='ocrx_word' id='word_1_291' title='bbox 138 2145 265 2206; x_wconf 85' lang='lat' dir='ltr'><strong>sortibus</strong></span> <span class='ocrx_word' id='word_1_292' title='bbox 283 2145 341 2204; x_wconf 88' lang='lat' dir='ltr'><strong>tuis</strong></span> <span class='ocrx_word' id='word_1_293' title='bbox 362 2148 448 2215; x_wconf 83' lang='lat' dir='ltr'><strong>(Prot.</strong></span> <span class='ocrx_word' id='word_1_294' title='bbox 468 2149 561 2219; x_wconf 79' lang='lat' dir='ltr'><strong>nuru).</strong></span> <span class='ocrx_word' id='word_1_295' title='bbox 578 2169 591 2197; x_wconf 75' lang='grc' dir='ltr'>ι</span> <span class='ocrx_word' id='word_1_296' title='bbox 609 2147 724 2207; x_wconf 88' lang='lat' dir='ltr'><strong>Exitio</strong></span> <span class='ocrx_word' id='word_1_297' title='bbox 745 2163 815 2206; x_wconf 87' lang='lat' dir='ltr'><strong>sane</strong></span> <span class='ocrx_word' id='word_1_298' title='bbox 837 2153 907 2206; x_wconf 91' lang='lat' dir='ltr'><strong>tunc</strong></span> <span class='ocrx_word' id='word_1_299' title='bbox 931 2145 998 2221; x_wconf 89' lang='lat' dir='ltr'><strong>Spi-</strong></span> <span class='ocrx_word' id='word_1_300' title='bbox 1040 2145 1173 2221; x_wconf 89' lang='lat' dir='ltr'><strong>demptor</strong></span> <span class='ocrx_word' id='word_1_301' title='bbox 1189 2153 1285 2206; x_wconf 88' lang='lat' dir='ltr'><strong>noster</strong></span> <span class='ocrx_word' id='word_1_302' title='bbox 1299 2161 1447 2206; x_wconf 89' lang='lat' dir='ltr'><strong>sacrarum</strong></span> <span class='ocrx_word' id='word_1_303' title='bbox 1464 2146 1599 2207; x_wconf 92' lang='lat' dir='ltr'><strong>omnium</strong></span> <span class='ocrx_word' id='word_1_304' title='bbox 1613 2153 1754 2207; x_wconf 81' lang='lat' dir='ltr'><strong>auctorat</strong></span> <span class='ocrx_word' id='word_1_305' title='bbox 1768 2147 1906 2208; x_wconf 78' lang='lat' dir='ltr'><strong>moditor</strong></span> <span class='ocrx_word' id='word_1_306' title='bbox 2018 2199 2024 2226; x_wconf 81' lang='grc'>,</span> 
     </span>
    </p>
   </div>
   <div class='ocr_carea' id='block_1_8' title="bbox 77 2235 1908 5711">
    <p class='ocr_par' dir='ltr' id='par_1_9' title="bbox 77 2235 1908 5711">
     <span class='ocr_line' id='line_1_22' title="bbox 138 2235 1905 2312; baseline 0.001 -15"><span class='ocrx_word' id='word_1_307' title='bbox 138 2238 208 2310; x_wconf 93' lang='lat' dir='ltr'><strong>ritu,</strong></span> <span class='ocrx_word' id='word_1_308' title='bbox 222 2235 274 2311; x_wconf 87' lang='lat' dir='ltr'><strong>qni</strong></span> <span class='ocrx_word' id='word_1_309' title='bbox 297 2243 428 2295; x_wconf 88' lang='lat' dir='ltr'><strong>nostrum</strong></span> <span class='ocrx_word' id='word_1_310' title='bbox 449 2251 565 2312; x_wconf 92' lang='lat' dir='ltr'><strong>quoque</strong></span> <span class='ocrx_word' id='word_1_311' title='bbox 588 2237 715 2297; x_wconf 88' lang='lat' dir='ltr'><strong>chrisma</strong></span> <span class='ocrx_word' id='word_1_312' title='bbox 737 2253 815 2297; x_wconf 90' lang='lat' dir='ltr'><strong>nunc</strong></span> <span class='ocrx_word' id='word_1_313' title='bbox 838 2244 995 2308; x_wconf 80' lang='lat' dir='ltr'><strong>consecrat,</strong></span> <span class='ocrx_word' id='word_1_314' title='bbox 1042 2235 1267 2312; x_wconf 78' lang='lat' dir='ltr'><strong>scripturarum,</strong></span> <span class='ocrx_word' id='word_1_315' title='bbox 1282 2249 1368 2312; x_wconf 89' lang='lat' dir='ltr'><strong>quem</strong></span> <span class='ocrx_word' id='word_1_316' title='bbox 1383 2236 1518 2297; x_wconf 86' lang='lat' dir='ltr'><strong>videlicet</strong></span> <span class='ocrx_word' id='word_1_317' title='bbox 1535 2236 1608 2297; x_wconf 89' lang='lat' dir='ltr'><strong>iilud</strong></span> <span class='ocrx_word' id='word_1_318' title='bbox 1628 2251 1738 2297; x_wconf 90' lang='lat' dir='ltr'><strong>manna</strong></span> <span class='ocrx_word' id='word_1_319' title='bbox 1751 2238 1905 2312; x_wconf 84' lang='lat' dir='ltr'><strong>principa·</strong></span> 
     </span>
     <span class='ocr_line' id='line_1_23' title="bbox 138 2311 1905 2402; baseline 0.001 -15"><span class='ocrx_word' id='word_1_320' title='bbox 138 2334 248 2387; x_wconf 87' lang='lat' dir='ltr'><strong>tantam</strong></span> <span class='ocrx_word' id='word_1_321' title='bbox 262 2326 399 2385; x_wconf 85' lang='lat' dir='ltr'><strong>virtutem</strong></span> <span class='ocrx_word' id='word_1_322' title='bbox 412 2311 563 2400; x_wconf 79' lang='lat' dir='ltr'><strong>&#39;aquarum</strong></span> <span class='ocrx_word' id='word_1_323' title='bbox 579 2328 714 2386; x_wconf 90' lang='lat' dir='ltr'><strong>omnium</strong></span> <span class='ocrx_word' id='word_1_324' title='bbox 733 2333 838 2386; x_wconf 89' lang='lat' dir='ltr'><strong>natura</strong></span> <span class='ocrx_word' id='word_1_325' title='bbox 855 2326 996 2402; x_wconf 87' lang='lat' dir='ltr'><strong>concepit,</strong></span> <span class='ocrx_word' id='word_1_326' title='bbox 1040 2325 1107 2384; x_wconf 90' lang='lat' dir='ltr'><strong>liter</strong></span> <span class='ocrx_word' id='word_1_327' title='bbox 1130 2326 1282 2399; x_wconf 87' lang='lat' dir='ltr'><strong>ligurabat,</strong></span> <span class='ocrx_word' id='word_1_328' title='bbox 1302 2332 1330 2384; x_wconf 88' lang='lat' dir='ltr'><strong>et</strong></span> <span class='ocrx_word' id='word_1_329' title='bbox 1346 2332 1412 2385; x_wconf 86' lang='lat' dir='ltr'><strong>ante</strong></span> <span class='ocrx_word' id='word_1_330' title='bbox 1430 2326 1604 2400; x_wconf 84' lang='lat' dir='ltr'><strong>passionem,</strong></span> <span class='ocrx_word' id='word_1_331' title='bbox 1618 2326 1699 2387; x_wconf 83' lang='lat' dir='ltr'><strong>velut</strong></span> <span class='ocrx_word' id='word_1_332' title='bbox 1721 2327 1781 2387; x_wconf 89' lang='lat' dir='ltr'><strong>mel</strong></span> <span class='ocrx_word' id='word_1_333' title='bbox 1800 2327 1905 2388; x_wconf 82' lang='lat' dir='ltr'><strong>dulce·</strong></span> 
     </span>
     <span class='ocr_line' id='line_1_24' title="bbox 77 2411 1905 2495; baseline -0.002 -16"><span class='ocrx_word' id='word_1_334' title='bbox 77 2411 79 2416; x_wconf 51' lang='lat'>‘</span> <span class='ocrx_word' id='word_1_335' title='bbox 138 2426 172 2479; x_wconf 92' lang='lat' dir='ltr'><strong>ut</strong></span> <span class='ocrx_word' id='word_1_336' title='bbox 192 2419 222 2477; x_wconf 92' lang='lat' dir='ltr'><strong>in</strong></span> <span class='ocrx_word' id='word_1_337' title='bbox 242 2417 470 2492; x_wconf 82' lang='lat' dir='ltr'><strong>quibuscunque</strong></span> <span class='ocrx_word' id='word_1_338' title='bbox 488 2417 650 2478; x_wconf 79' lang='lat' dir='ltr'><strong>fluentibus</strong></span> <span class='ocrx_word' id='word_1_339' title='bbox 670 2418 726 2478; x_wconf 90' lang='lat' dir='ltr'><strong>sub</strong></span> <span class='ocrx_word' id='word_1_340' title='bbox 743 2420 921 2495; x_wconf 74' lang='lat' dir='ltr'><strong>professione</strong></span> <span class='ocrx_word' id='word_1_341' title='bbox 939 2417 998 2477; x_wconf 90' lang='lat' dir='ltr'><strong>dei·</strong></span> <span class='ocrx_word' id='word_1_342' title='bbox 1039 2415 1139 2474; x_wconf 89' lang='lat' dir='ltr'><strong>dinem</strong></span> <span class='ocrx_word' id='word_1_343' title='bbox 1163 2414 1299 2475; x_wconf 83' lang='lat' dir='ltr'><strong>exhibuit</strong></span> <span class='ocrx_word' id='word_1_344' title='bbox 1321 2414 1540 2486; x_wconf 87' lang='lat' dir='ltr'><strong>miraculorum,</strong></span> <span class='ocrx_word' id='word_1_345' title='bbox 1568 2421 1678 2490; x_wconf 87' lang='lat' dir='ltr'><strong>etpost</strong></span> <span class='ocrx_word' id='word_1_346' title='bbox 1699 2417 1905 2477; x_wconf 86' lang='lat' dir='ltr'><strong>ascensionem</strong></span> 
     </span>
     <span class='ocr_line' id='line_1_25' title="bbox 139 2504 1904 2584; baseline 0 -16"><span class='ocrx_word' id='word_1_347' title='bbox 139 2508 202 2568; x_wconf 86' lang='lat' dir='ltr'><strong>iicae</strong></span> <span class='ocrx_word' id='word_1_348' title='bbox 217 2506 368 2566; x_wconf 85' lang='lat' dir='ltr'><strong>Trinitatis</strong></span> <span class='ocrx_word' id='word_1_349' title='bbox 379 2507 544 2566; x_wconf 90' lang='lat' dir='ltr'><strong>abluendus</strong></span> <span class='ocrx_word' id='word_1_350' title='bbox 562 2507 761 2584; x_wconf 86' lang='lat' dir='ltr'><strong>immergatur,</strong></span> <span class='ocrx_word' id='word_1_351' title='bbox 777 2510 896 2584; x_wconf 91' lang='lat' dir='ltr'><strong>plenum</strong></span> <span class='ocrx_word' id='word_1_352' title='bbox 911 2515 998 2584; x_wconf 87' lang='lat' dir='ltr'><strong>atque</strong></span> <span class='ocrx_word' id='word_1_353' title='bbox 1041 2518 1123 2562; x_wconf 89' lang='lat' dir='ltr'><strong>susm</strong></span> <span class='ocrx_word' id='word_1_354' title='bbox 1140 2509 1277 2578; x_wconf 85' lang='lat' dir='ltr'><strong>tanquam</strong></span> <span class='ocrx_word' id='word_1_355' title='bbox 1291 2504 1400 2577; x_wconf 88' lang='lat' dir='ltr'><strong>oleum,</strong></span> <span class='ocrx_word' id='word_1_356' title='bbox 1418 2504 1449 2563; x_wconf 93' lang='lat' dir='ltr'><strong>in</strong></span> <span class='ocrx_word' id='word_1_357' title='bbox 1462 2504 1619 2578; x_wconf 88' lang='lat' dir='ltr'><strong>discipulos</strong></span> <span class='ocrx_word' id='word_1_358' title='bbox 1631 2521 1702 2565; x_wconf 88' lang='lat' dir='ltr'><strong>suos</strong></span> <span class='ocrx_word' id='word_1_359' title='bbox 1714 2505 1821 2566; x_wconf 82' lang='lat' dir='ltr'><strong>etl’udit</strong></span> <span class='ocrx_word' id='word_1_360' title='bbox 1832 2505 1904 2583; x_wconf 88' lang='lat' dir='ltr'><strong>Spi-</strong></span> 
     </span>
     <span class='ocr_line' id='line_1_26' title="bbox 139 2592 1908 2675; baseline -0.001 -19"><span class='ocrx_word' id='word_1_361' title='bbox 139 2599 299 2674; x_wconf 88' lang='lat' dir='ltr'><strong>perlectum</strong></span> <span class='ocrx_word' id='word_1_362' title='bbox 318 2607 403 2658; x_wconf 76' lang='lat' dir='ltr'><strong>hova</strong></span> <span class='ocrx_word' id='word_1_363' title='bbox 421 2600 647 2673; x_wconf 87' lang='lat' dir='ltr'><strong>regenerationis</strong></span> <span class='ocrx_word' id='word_1_364' title='bbox 667 2601 838 2675; x_wconf 89' lang='lat' dir='ltr'><strong>mysterium</strong></span> <span class='ocrx_word' id='word_1_365' title='bbox 854 2600 997 2660; x_wconf 79' lang='lat' dir='ltr'><strong>diuinitus</strong></span> <span class='ocrx_word' id='word_1_366' title='bbox 1039 2592 1131 2651; x_wconf 83' lang='lat' dir='ltr'><strong>ritum</strong></span> <span class='ocrx_word' id='word_1_367' title='bbox 1147 2593 1302 2651; x_wconf 61' lang='lat' dir='ltr'><strong>muttum?</strong></span> <span class='ocrx_word' id='word_1_368' title='bbox 1317 2593 1391 2663; x_wconf 78' lang='lat' dir='ltr'><strong>(Act-</strong></span> <span class='ocrx_word' id='word_1_369' title='bbox 1404 2605 1414 2650; x_wconf 87' lang='lat'>1</span> <span class='ocrx_word' id='word_1_370' title='bbox 1427 2598 1455 2651; x_wconf 85' lang='lat' dir='ltr'><strong>st</strong></span> <span class='ocrx_word' id='word_1_371' title='bbox 1468 2597 1512 2663; x_wconf 85' lang='lat'>11.)</span> <span class='ocrx_word' id='word_1_372' title='bbox 1528 2592 1600 2652; x_wconf 81' lang='lat' dir='ltr'><strong>Nam</strong></span> <span class='ocrx_word' id='word_1_373' title='bbox 1612 2592 1695 2669; x_wconf 85' lang='lat' dir='ltr'><strong>qussi</strong></span> <span class='ocrx_word' id='word_1_374' title='bbox 1711 2592 1810 2652; x_wconf 87' lang='lat' dir='ltr'><strong>mellis</strong></span> <span class='ocrx_word' id='word_1_375' title='bbox 1822 2594 1908 2654; x_wconf 81' lang='lat' dir='ltr'><strong>ride·</strong></span> 
     </span>
     <span class='ocr_line' id='line_1_27' title="bbox 137 2680 1906 2763; baseline -0.003 -15"><span class='ocrx_word' id='word_1_376' title='bbox 137 2689 302 2763; x_wconf 82' lang='lat' dir='ltr'><strong>impleatur.</strong></span> <span class='ocrx_word' id='word_1_377' title='bbox 593 2733 596 2738; x_wconf 91' lang='lat'><em>.</em></span> <span class='ocrx_word' id='word_1_378' title='bbox 1041 2686 1089 2739; x_wconf 91' lang='lat' dir='ltr'><strong>tur</strong></span> <span class='ocrx_word' id='word_1_379' title='bbox 1099 2681 1267 2754; x_wconf 87' lang='lat' dir='ltr'><strong>propinasse</strong></span> <span class='ocrx_word' id='word_1_380' title='bbox 1288 2680 1483 2752; x_wconf 89' lang='lat' dir='ltr'><strong>dulcedinem,</strong></span> <span class='ocrx_word' id='word_1_381' title='bbox 1497 2681 1568 2740; x_wconf 94' lang='lat' dir='ltr'><strong>dum</strong></span> <span class='ocrx_word' id='word_1_382' title='bbox 1581 2680 1673 2757; x_wconf 86' lang='lat' dir='ltr'><strong>signis</strong></span> <span class='ocrx_word' id='word_1_383' title='bbox 1690 2687 1780 2756; x_wconf 85' lang='lat' dir='ltr'><strong>atque</strong></span> <span class='ocrx_word' id='word_1_384' title='bbox 1803 2681 1906 2742; x_wconf 81' lang='lat' dir='ltr'><strong>virtu·</strong></span> 
     </span>
     <span class='ocr_line' id='line_1_28' title="bbox 174 2770 1905 2856; baseline 0.003 -17"><span class='ocrx_word' id='word_1_385' title='bbox 174 2777 236 2839; x_wconf 84' lang='lat' dir='ltr'><strong>Hoc</strong></span> <span class='ocrx_word' id='word_1_386' title='bbox 258 2786 391 2840; x_wconf 90' lang='lat' dir='ltr'><strong>nostrum</strong></span> <span class='ocrx_word' id='word_1_387' title='bbox 418 2779 546 2838; x_wconf 86' lang='lat' dir='ltr'><strong>chrisma</strong></span> <span class='ocrx_word' id='word_1_388' title='bbox 569 2780 643 2840; x_wconf 92' lang='lat' dir='ltr'><strong>illud</strong></span> <span class='ocrx_word' id='word_1_389' title='bbox 667 2781 753 2840; x_wconf 88' lang='lat' dir='ltr'><strong>etiam</strong></span> <span class='ocrx_word' id='word_1_390' title='bbox 779 2780 879 2847; x_wconf 91' lang='lat' dir='ltr'><strong>oleum</strong></span> <span class='ocrx_word' id='word_1_391' title='bbox 903 2780 997 2856; x_wconf 88' lang='lat' dir='ltr'><strong>typice</strong></span> <span class='ocrx_word' id='word_1_392' title='bbox 1039 2770 1118 2830; x_wconf 69' lang='lat' dir='ltr'><strong>tibist</strong></span> <span class='ocrx_word' id='word_1_393' title='bbox 1136 2770 1390 2843; x_wconf 67' lang='lat' dir='ltr'><strong>c⁰l11⁸0⁸V1130¹ei</strong></span> <span class='ocrx_word' id='word_1_394' title='bbox 1411 2786 1480 2831; x_wconf 75' lang='lat' dir='ltr'><strong>V0t0</strong></span> <span class='ocrx_word' id='word_1_395' title='bbox 1493 2776 1565 2830; x_wconf 71' lang='lat'><strong>²⁰⁰⁰</strong></span> <span class='ocrx_word' id='word_1_396' title='bbox 1580 2770 1754 2830; x_wconf 60' lang='lat' dir='ltr'><strong>militatem</strong></span> <span class='ocrx_word' id='word_1_397' title='bbox 1772 2770 1905 2844; x_wconf 52' lang='grc' dir='ltr'><strong>ΜΝ,</strong></span> 
     </span>
     <span class='ocr_line' id='line_1_29' title="bbox 139 2861 1905 2947; baseline -0.003 -17"><span class='ocrx_word' id='word_1_398' title='bbox 139 2869 316 2944; x_wconf 69' lang='lat' dir='ltr'><strong>designabat,</strong></span> <span class='ocrx_word' id='word_1_399' title='bbox 331 2884 391 2944; x_wconf 94' lang='lat' dir='ltr'><strong>quo</strong></span> <span class='ocrx_word' id='word_1_400' title='bbox 412 2869 553 2928; x_wconf 85' lang='lat' dir='ltr'><strong>[lominus</strong></span> <span class='ocrx_word' id='word_1_401' title='bbox 571 2869 603 2927; x_wconf 94' lang='lat' dir='ltr'><strong>in</strong></span> <span class='ocrx_word' id='word_1_402' title='bbox 623 2868 808 2947; x_wconf 79' lang='lat' dir='ltr'><strong>tabernaculo</strong></span> <span class='ocrx_word' id='word_1_403' title='bbox 821 2875 929 2944; x_wconf 87' lang='lat' dir='ltr'><strong>septem</strong></span> <span class='ocrx_word' id='word_1_404' title='bbox 948 2870 996 2930; x_wconf 90' lang='lat' dir='ltr'><strong>lu·</strong></span> <span class='ocrx_word' id='word_1_405' title='bbox 1039 2877 1106 2921; x_wconf 78' lang='lat' dir='ltr'><strong>tuin</strong></span> <span class='ocrx_word' id='word_1_406' title='bbox 1121 2862 1152 2920; x_wconf 92' lang='lat' dir='ltr'><strong>in</strong></span> <span class='ocrx_word' id='word_1_407' title='bbox 1171 2861 1314 2936; x_wconf 65' lang='lat' dir='ltr'><strong>apostolos</strong></span> <span class='ocrx_word' id='word_1_408' title='bbox 1332 2878 1402 2922; x_wconf 83' lang='lat' dir='ltr'><strong>suos</strong></span> <span class='ocrx_word' id='word_1_409' title='bbox 1416 2863 1508 2923; x_wconf 79' lang='lat' dir='ltr'><strong>sancti</strong></span> <span class='ocrx_word' id='word_1_410' title='bbox 1522 2861 1647 2937; x_wconf 76' lang='lat' dir='ltr'><strong>Spiritus</strong></span> <span class='ocrx_word' id='word_1_411' title='bbox 1667 2862 1804 2937; x_wconf 74' lang='lat' dir='ltr'><strong>persolstl</strong></span> <span class='ocrx_word' id='word_1_412' title='bbox 1822 2863 1905 2923; x_wconf 81' lang='lat' dir='ltr'><strong>dous</strong></span> 
     </span>
     <span class='ocr_line' id='line_1_30' title="bbox 138 2951 1907 3034; baseline -0.002 -15"><span class='ocrx_word' id='word_1_413' title='bbox 138 2975 238 3020; x_wconf 88' lang='lat' dir='ltr'><strong>cernas</strong></span> <span class='ocrx_word' id='word_1_414' title='bbox 260 2959 376 3034; x_wconf 89' lang='lat' dir='ltr'><strong>impleri</strong></span> <span class='ocrx_word' id='word_1_415' title='bbox 399 2975 432 3018; x_wconf 88' lang='lat' dir='ltr'><strong>ac</strong></span> <span class='ocrx_word' id='word_1_416' title='bbox 452 2959 561 3034; x_wconf 81' lang='lat' dir='ltr'><strong>jugiter</strong></span> <span class='ocrx_word' id='word_1_417' title='bbox 583 2959 683 3018; x_wconf 89' lang='lat' dir='ltr'><strong>ardere</strong></span> <span class='ocrx_word' id='word_1_418' title='bbox 707 2961 851 3034; x_wconf 71' lang='lat' dir='ltr'><strong>praecepit.</strong></span> <span class='ocrx_word' id='word_1_419' title='bbox 878 2983 891 3010; x_wconf 66' lang='lat' dir='ltr'><strong>a</strong></span> <span class='ocrx_word' id='word_1_420' title='bbox 917 2959 996 3018; x_wconf 71' lang='lat' dir='ltr'><strong>Prae.</strong></span> <span class='ocrx_word' id='word_1_421' title='bbox 1039 2951 1164 3012; x_wconf 79' lang='lat' dir='ltr'><strong>diffudit.</strong></span> <span class='ocrx_word' id='word_1_422' title='bbox 1190 2953 1283 3023; x_wconf 79' lang='lat' dir='ltr'><strong>Quem</strong></span> <span class='ocrx_word' id='word_1_423' title='bbox 1311 2952 1445 3013; x_wconf 85' lang='lat' dir='ltr'><strong>videlicet</strong></span> <span class='ocrx_word' id='word_1_424' title='bbox 1468 2954 1600 3014; x_wconf 92' lang='lat' dir='ltr'><strong>ordinem</strong></span> <span class='ocrx_word' id='word_1_425' title='bbox 1628 2952 1741 3030; x_wconf 79' lang='lat' dir='ltr'><strong>Moyses</strong></span> <span class='ocrx_word' id='word_1_426' title='bbox 1767 2969 1907 3030; x_wconf 83' lang='lat' dir='ltr'><strong>congrus</strong></span> 
     </span>
     <span class='ocr_line' id='line_1_31' title="bbox 137 3041 1906 3125; baseline -0.002 -16"><span class='ocrx_word' id='word_1_427' title='bbox 137 3050 219 3125; x_wconf 89' lang='lat' dir='ltr'><strong>cipe,</strong></span> <span class='ocrx_word' id='word_1_428' title='bbox 234 3049 348 3125; x_wconf 90' lang='lat' dir='ltr'><strong>inquit,</strong></span> <span class='ocrx_word' id='word_1_429' title='bbox 365 3049 434 3108; x_wconf 88' lang='lat' dir='ltr'><strong>tiliis</strong></span> <span class='ocrx_word' id='word_1_430' title='bbox 458 3048 564 3120; x_wconf 90' lang='lat' dir='ltr'><strong>lsrael,</strong></span> <span class='ocrx_word' id='word_1_431' title='bbox 580 3055 613 3108; x_wconf 92' lang='lat' dir='ltr'><strong>ut</strong></span> <span class='ocrx_word' id='word_1_432' title='bbox 634 3048 754 3107; x_wconf 78' lang='lat' dir='ltr'><strong>affarent</strong></span> <span class='ocrx_word' id='word_1_433' title='bbox 772 3049 825 3108; x_wconf 92' lang='lat' dir='ltr'><strong>tibi</strong></span> <span class='ocrx_word' id='word_1_434' title='bbox 846 3049 944 3109; x_wconf 90' lang='lat' dir='ltr'><strong>oleum</strong></span> <span class='ocrx_word' id='word_1_435' title='bbox 960 3049 997 3108; x_wconf 82' lang='lat' dir='ltr'><strong>rie</strong></span> <span class='ocrx_word' id='word_1_436' title='bbox 1039 3043 1141 3116; x_wconf 90' lang='lat' dir='ltr'><strong>tenuit,</strong></span> <span class='ocrx_word' id='word_1_437' title='bbox 1155 3058 1223 3103; x_wconf 94' lang='lat' dir='ltr'><strong>cum</strong></span> <span class='ocrx_word' id='word_1_438' title='bbox 1235 3043 1266 3103; x_wconf 92' lang='lat' dir='ltr'><strong>in</strong></span> <span class='ocrx_word' id='word_1_439' title='bbox 1279 3043 1505 3104; x_wconf 88' lang='lat' dir='ltr'><strong>Deuteronomio</strong></span> <span class='ocrx_word' id='word_1_440' title='bbox 1518 3041 1553 3102; x_wconf 90' lang='lat' dir='ltr'><strong>dc</strong></span> <span class='ocrx_word' id='word_1_441' title='bbox 1565 3051 1655 3119; x_wconf 86' lang='lat' dir='ltr'><strong>petra,</strong></span> <span class='ocrx_word' id='word_1_442' title='bbox 1668 3059 1735 3118; x_wconf 84' lang='lat' dir='ltr'><strong>quas</strong></span> <span class='ocrx_word' id='word_1_443' title='bbox 1749 3050 1778 3102; x_wconf 89' lang='lat' dir='ltr'><strong>et</strong></span> <span class='ocrx_word' id='word_1_444' title='bbox 1789 3044 1906 3105; x_wconf 91' lang='lat' dir='ltr'><strong>nihilo-</strong></span> 
     </span>
     <span class='ocr_line' id='line_1_32' title="bbox 137 3133 1904 3228; baseline -0.002 -29"><span class='ocrx_word' id='word_1_445' title='bbox 137 3140 224 3200; x_wconf 82' lang='lat' dir='ltr'><strong>olivis</strong></span> <span class='ocrx_word' id='word_1_446' title='bbox 241 3137 432 3213; x_wconf 88' lang='lat' dir='ltr'><strong>purissimum</strong></span> <span class='ocrx_word' id='word_1_447' title='bbox 456 3153 489 3195; x_wconf 91' lang='lat' dir='ltr'><strong>ac</strong></span> <span class='ocrx_word' id='word_1_448' title='bbox 505 3137 634 3197; x_wconf 91' lang='lat' dir='ltr'><strong>lucidum</strong></span> <span class='ocrx_word' id='word_1_449' title='bbox 654 3137 691 3195; x_wconf 88' lang='lat' dir='ltr'><strong>ad</strong></span> <span class='ocrx_word' id='word_1_450' title='bbox 709 3138 924 3198; x_wconf 89' lang='lat' dir='ltr'><strong>concinnandas</strong></span> <span class='ocrx_word' id='word_1_451' title='bbox 947 3133 1138 3228; x_wconf 58' lang='lat' dir='ltr'><strong>lu-fiminus</strong></span> <span class='ocrx_word' id='word_1_452' title='bbox 1157 3150 1267 3194; x_wconf 87' lang='lat' dir='ltr'><strong>manna</strong></span> <span class='ocrx_word' id='word_1_453' title='bbox 1281 3140 1352 3207; x_wconf 90' lang='lat' dir='ltr'><strong>erat,</strong></span> <span class='ocrx_word' id='word_1_454' title='bbox 1377 3135 1471 3210; x_wconf 90' lang='lat' dir='ltr'><strong>typice</strong></span> <span class='ocrx_word' id='word_1_455' title='bbox 1494 3133 1678 3194; x_wconf 85' lang='lat' dir='ltr'><strong>decantarit:</strong></span> <span class='ocrx_word' id='word_1_456' title='bbox 1698 3161 1713 3186; x_wconf 67' lang='grc' dir='ltr'>ι</span> <span class='ocrx_word' id='word_1_457' title='bbox 1733 3133 1904 3209; x_wconf 81' lang='lat' dir='ltr'><strong>Suxerunt,</strong></span> 
     </span>
     <span class='ocr_line' id='line_1_33' title="bbox 136 3220 1905 3304; baseline -0.005 -14"><span class='ocrx_word' id='word_1_458' title='bbox 136 3243 237 3290; x_wconf 90' lang='lat' dir='ltr'><strong>cernas</strong></span> <span class='ocrx_word' id='word_1_459' title='bbox 246 3228 355 3304; x_wconf 85' lang='lat' dir='ltr'><strong>jugiter</strong></span> <span class='ocrx_word' id='word_1_460' title='bbox 368 3235 450 3286; x_wconf 82' lang='lat' dir='ltr'><strong>extra</strong></span> <span class='ocrx_word' id='word_1_461' title='bbox 463 3227 561 3286; x_wconf 75' lang='lat' dir='ltr'><strong>velum</strong></span> <span class='ocrx_word' id='word_1_462' title='bbox 583 3227 741 3287; x_wconf 89' lang='lat' dir='ltr'><strong>testimonii</strong></span> <span class='ocrx_word' id='word_1_463' title='bbox 757 3229 787 3287; x_wconf 91' lang='lat' dir='ltr'><strong>in</strong></span> <span class='ocrx_word' id='word_1_464' title='bbox 811 3227 996 3288; x_wconf 89' lang='lat' dir='ltr'><strong>tabernaculo</strong></span> <span class='ocrx_word' id='word_1_465' title='bbox 1037 3221 1145 3298; x_wconf 88' lang='lat' dir='ltr'><strong>inquit,</strong></span> <span class='ocrx_word' id='word_1_466' title='bbox 1161 3220 1220 3281; x_wconf 91' lang='lat' dir='ltr'><strong>mel</strong></span> <span class='ocrx_word' id='word_1_467' title='bbox 1234 3222 1270 3282; x_wconf 89' lang='lat' dir='ltr'><strong>de</strong></span> <span class='ocrx_word' id='word_1_468' title='bbox 1284 3228 1363 3297; x_wconf 86' lang='lat' dir='ltr'><strong>petra</strong></span> <span class='ocrx_word' id='word_1_469' title='bbox 1385 3230 1413 3282; x_wconf 93' lang='lat' dir='ltr'><strong>et</strong></span> <span class='ocrx_word' id='word_1_470' title='bbox 1433 3223 1531 3283; x_wconf 90' lang='lat' dir='ltr'><strong>oleum</strong></span> <span class='ocrx_word' id='word_1_471' title='bbox 1545 3221 1583 3282; x_wconf 89' lang='lat' dir='ltr'><strong>de</strong></span> <span class='ocrx_word' id='word_1_472' title='bbox 1601 3221 1686 3282; x_wconf 79' lang='lat' dir='ltr'><strong>firma</strong></span> <span class='ocrx_word' id='word_1_473' title='bbox 1706 3227 1787 3299; x_wconf 89' lang='lat' dir='ltr'><strong>petra</strong></span> <span class='ocrx_word' id='word_1_474' title='bbox 1806 3225 1905 3293; x_wconf 73' lang='lat' dir='ltr'><strong>(Dus.</strong></span> 
     </span>
     <span class='ocr_line' id='line_1_34' title="bbox 137 3311 1905 3396; baseline -0.005 -14"><span class='ocrx_word' id='word_1_475' title='bbox 137 3321 265 3393; x_wconf 86' lang='lat' dir='ltr'><strong>ioederis,</strong></span> <span class='ocrx_word' id='word_1_476' title='bbox 293 3325 439 3396; x_wconf 82' lang='lat' dir='ltr'><strong>ponetque</strong></span> <span class='ocrx_word' id='word_1_477' title='bbox 466 3333 514 3377; x_wconf 84' lang='lat' dir='ltr'><strong>eas</strong></span> <span class='ocrx_word' id='word_1_478' title='bbox 539 3320 636 3378; x_wconf 80' lang='lat' dir='ltr'><strong>Aaron</strong></span> <span class='ocrx_word' id='word_1_479' title='bbox 660 3335 677 3378; x_wconf 92' lang='lat' dir='ltr'><strong>a</strong></span> <span class='ocrx_word' id='word_1_480' title='bbox 702 3333 822 3392; x_wconf 85' lang='lat' dir='ltr'><strong>vespere</strong></span> <span class='ocrx_word' id='word_1_481' title='bbox 842 3333 936 3393; x_wconf 86' lang='lat' dir='ltr'><strong>nsque</strong></span> <span class='ocrx_word' id='word_1_482' title='bbox 965 3319 994 3377; x_wconf 94' lang='lat' dir='ltr'><strong>in</strong></span> <span class='ocrx_word' id='word_1_483' title='bbox 1037 3317 1148 3382; x_wconf 71' lang='grc' dir='ltr'>ωε).</span> <span class='ocrx_word' id='word_1_484' title='bbox 1165 3332 1180 3366; x_wconf 78' lang='lat' dir='ltr'><strong>r</strong></span> <span class='ocrx_word' id='word_1_485' title='bbox 1197 3313 1238 3371; x_wconf 83' lang='lat' dir='ltr'><strong>lle</strong></span> <span class='ocrx_word' id='word_1_486' title='bbox 1259 3312 1315 3372; x_wconf 89' lang='lat' dir='ltr'><strong>lroc</strong></span> <span class='ocrx_word' id='word_1_487' title='bbox 1333 3311 1464 3387; x_wconf 77' lang='lat' dir='ltr'><strong>mysticae</strong></span> <span class='ocrx_word' id='word_1_488' title='bbox 1486 3312 1632 3372; x_wconf 90' lang='lat' dir='ltr'><strong>unctionis</strong></span> <span class='ocrx_word' id='word_1_489' title='bbox 1652 3311 1716 3372; x_wconf 88' lang='lat' dir='ltr'><strong>oleo</strong></span> <span class='ocrx_word' id='word_1_490' title='bbox 1736 3327 1849 3387; x_wconf 86' lang='lat' dir='ltr'><strong>sponsa</strong></span> <span class='ocrx_word' id='word_1_491' title='bbox 1866 3314 1905 3373; x_wconf 87' lang='lat' dir='ltr'><strong>sd</strong></span> 
     </span>
     <span class='ocr_line' id='line_1_35' title="bbox 137 3401 1904 3481; baseline -0.004 -10"><span class='ocrx_word' id='word_1_492' title='bbox 137 3426 334 3472; x_wconf 89' lang='lat' dir='ltr'><strong>manecoram</strong></span> <span class='ocrx_word' id='word_1_493' title='bbox 354 3408 488 3479; x_wconf 71' lang='lat' dir='ltr'><strong>Domirm</strong></span> <span class='ocrx_word' id='word_1_494' title='bbox 503 3407 585 3468; x_wconf 89' lang='lat' dir='ltr'><strong>cuitu</strong></span> <span class='ocrx_word' id='word_1_495' title='bbox 599 3407 723 3481; x_wconf 90' lang='lat' dir='ltr'><strong>rituque</strong></span> <span class='ocrx_word' id='word_1_496' title='bbox 737 3412 877 3481; x_wconf 88' lang='lat' dir='ltr'><strong>perpetuo</strong></span> <span class='ocrx_word' id='word_1_497' title='bbox 895 3407 926 3466; x_wconf 92' lang='lat' dir='ltr'><strong>in</strong></span> <span class='ocrx_word' id='word_1_498' title='bbox 945 3422 995 3480; x_wconf 86' lang='lat' dir='ltr'><strong>ge·</strong></span> <span class='ocrx_word' id='word_1_499' title='bbox 1037 3417 1176 3477; x_wconf 88' lang='lat' dir='ltr'><strong>sponsum</strong></span> <span class='ocrx_word' id='word_1_500' title='bbox 1201 3403 1270 3462; x_wconf 90' lang='lat' dir='ltr'><strong>dicit</strong></span> <span class='ocrx_word' id='word_1_501' title='bbox 1294 3403 1326 3461; x_wconf 92' lang='lat' dir='ltr'><strong>in</strong></span> <span class='ocrx_word' id='word_1_502' title='bbox 1350 3402 1475 3462; x_wconf 77' lang='lat' dir='ltr'><strong>Canticis</strong></span> <span class='ocrx_word' id='word_1_503' title='bbox 1493 3421 1531 3460; x_wconf 82' lang='lat' dir='ltr'><strong>:r</strong></span> <span class='ocrx_word' id='word_1_504' title='bbox 1553 3401 1741 3476; x_wconf 81' lang='lat' dir='ltr'><strong>Unguentum</strong></span> <span class='ocrx_word' id='word_1_505' title='bbox 1764 3402 1904 3464; x_wconf 77' lang='lat' dir='ltr'><strong>ehirsum</strong></span> 
     </span>
     <span class='ocr_line' id='line_1_36' title="bbox 138 3489 1905 3570; baseline -0.004 -11"><span class='ocrx_word' id='word_1_506' title='bbox 138 3499 337 3560; x_wconf 88' lang='lat' dir='ltr'><strong>nerarionibns</strong></span> <span class='ocrx_word' id='word_1_507' title='bbox 365 3497 470 3556; x_wconf 75' lang='lat' dir='ltr'><strong>restrh</strong></span> <span class='ocrx_word' id='word_1_508' title='bbox 495 3510 583 3570; x_wconf 86' lang='lat' dir='ltr'><strong>super</strong></span> <span class='ocrx_word' id='word_1_509' title='bbox 607 3492 813 3554; x_wconf 89' lang='lat' dir='ltr'><strong>candelabrum</strong></span> <span class='ocrx_word' id='word_1_510' title='bbox 834 3493 995 3553; x_wconf 88' lang='lat' dir='ltr'><strong>mundissi·</strong></span> <span class='ocrx_word' id='word_1_511' title='bbox 1038 3505 1145 3550; x_wconf 89' lang='lat' dir='ltr'><strong>nomen</strong></span> <span class='ocrx_word' id='word_1_512' title='bbox 1161 3497 1245 3549; x_wconf 90' lang='lat' dir='ltr'><strong>tuum</strong></span> <span class='ocrx_word' id='word_1_513' title='bbox 1261 3493 1350 3562; x_wconf 72' lang='lat' dir='ltr'><strong>(cau.</strong></span> <span class='ocrx_word' id='word_1_514' title='bbox 1362 3494 1394 3560; x_wconf 90' lang='lat' dir='ltr'><strong>r).</strong></span> <span class='ocrx_word' id='word_1_515' title='bbox 1411 3512 1422 3542; x_wconf 84' lang='lat' dir='ltr'><strong>r</strong></span> <span class='ocrx_word' id='word_1_516' title='bbox 1437 3491 1628 3565; x_wconf 86' lang='lat' dir='ltr'><strong>Unguentum</strong></span> <span class='ocrx_word' id='word_1_517' title='bbox 1637 3489 1905 3565; x_wconf 72' lang='lat' dir='ltr'><strong>quidemesnsum</strong></span> 
     </span>
     <span class='ocr_line' id='line_1_37' title="bbox 136 3578 1906 3664; baseline -0.006 -14"><span class='ocrx_word' id='word_1_518' title='bbox 136 3605 219 3650; x_wconf 91' lang='lat' dir='ltr'><strong>mum</strong></span> <span class='ocrx_word' id='word_1_519' title='bbox 246 3596 369 3664; x_wconf 89' lang='lat' dir='ltr'><strong>ponetur</strong></span> <span class='ocrx_word' id='word_1_520' title='bbox 399 3601 513 3661; x_wconf 87' lang='lat' dir='ltr'><strong>semper</strong></span> <span class='ocrx_word' id='word_1_521' title='bbox 536 3585 568 3643; x_wconf 90' lang='lat' dir='ltr'><strong>in</strong></span> <span class='ocrx_word' id='word_1_522' title='bbox 595 3592 749 3659; x_wconf 88' lang='lat' dir='ltr'><strong>conspectu</strong></span> <span class='ocrx_word' id='word_1_523' title='bbox 774 3584 891 3644; x_wconf 89' lang='lat' dir='ltr'><strong>Domini</strong></span> <span class='ocrx_word' id='word_1_524' title='bbox 919 3589 994 3652; x_wconf 71' lang='lat' dir='ltr'><strong>(ico.</strong></span> <span class='ocrx_word' id='word_1_525' title='bbox 1037 3580 1137 3653; x_wconf 90' lang='lat' dir='ltr'><strong>sponsi</strong></span> <span class='ocrx_word' id='word_1_526' title='bbox 1173 3595 1280 3640; x_wconf 90' lang='lat' dir='ltr'><strong>nomen</strong></span> <span class='ocrx_word' id='word_1_527' title='bbox 1309 3580 1458 3651; x_wconf 85' lang='lat' dir='ltr'><strong>asseritur,</strong></span> <span class='ocrx_word' id='word_1_528' title='bbox 1487 3579 1558 3656; x_wconf 90' lang='lat' dir='ltr'><strong>quis</strong></span> <span class='ocrx_word' id='word_1_529' title='bbox 1590 3578 1667 3640; x_wconf 87' lang='lat' dir='ltr'><strong>sicut</strong></span> <span class='ocrx_word' id='word_1_530' title='bbox 1693 3595 1712 3638; x_wconf 89' lang='lat' dir='ltr'><strong>a</strong></span> <span class='ocrx_word' id='word_1_531' title='bbox 1739 3579 1906 3640; x_wconf 73' lang='lat' dir='ltr'><strong>chrimate</strong></span> 
     </span>
     <span class='ocr_line' id='line_1_38' title="bbox 137 3666 1905 3750; baseline -0.005 -12"><span class='ocrx_word' id='word_1_532' title='bbox 137 3683 236 3750; x_wconf 78' lang='lat' dir='ltr'><strong>xxiv).</strong></span> <span class='ocrx_word' id='word_1_533' title='bbox 250 3700 264 3729; x_wconf 75' lang='lat' dir='ltr'><strong>r</strong></span> <span class='ocrx_word' id='word_1_534' title='bbox 286 3677 363 3748; x_wconf 84' lang='lat' dir='ltr'><strong>Quid</strong></span> <span class='ocrx_word' id='word_1_535' title='bbox 383 3681 479 3736; x_wconf 89' lang='lat' dir='ltr'><strong>autem</strong></span> <span class='ocrx_word' id='word_1_536' title='bbox 499 3690 550 3748; x_wconf 93' lang='lat' dir='ltr'><strong>per</strong></span> <span class='ocrx_word' id='word_1_537' title='bbox 571 3680 679 3748; x_wconf 90' lang='lat' dir='ltr'><strong>septem</strong></span> <span class='ocrx_word' id='word_1_538' title='bbox 699 3673 832 3733; x_wconf 90' lang='lat' dir='ltr'><strong>lucernas</strong></span> <span class='ocrx_word' id='word_1_539' title='bbox 850 3674 881 3732; x_wconf 93' lang='lat' dir='ltr'><strong>irr</strong></span> <span class='ocrx_word' id='word_1_540' title='bbox 901 3673 995 3733; x_wconf 87' lang='lat' dir='ltr'><strong>taber·</strong></span> <span class='ocrx_word' id='word_1_541' title='bbox 1037 3666 1179 3738; x_wconf 81' lang='lat' dir='ltr'><strong>Christus,</strong></span> <span class='ocrx_word' id='word_1_542' title='bbox 1206 3669 1247 3727; x_wconf 83' lang='lat' dir='ltr'><strong>ita</strong></span> <span class='ocrx_word' id='word_1_543' title='bbox 1269 3674 1478 3745; x_wconf 79' lang='lat' dir='ltr'><strong>consequenter</strong></span> <span class='ocrx_word' id='word_1_544' title='bbox 1501 3683 1519 3726; x_wconf 89' lang='lat' dir='ltr'><strong>a</strong></span> <span class='ocrx_word' id='word_1_545' title='bbox 1544 3667 1659 3727; x_wconf 84' lang='lat' dir='ltr'><strong>Christo</strong></span> <span class='ocrx_word' id='word_1_546' title='bbox 1680 3666 1790 3726; x_wconf 88' lang='lat' dir='ltr'><strong>dicitur</strong></span> <span class='ocrx_word' id='word_1_547' title='bbox 1811 3666 1905 3729; x_wconf 76' lang='lat' dir='ltr'><strong>Glari·</strong></span> 
     </span>
     <span class='ocr_line' id='line_1_39' title="bbox 135 3757 1157 3838; baseline -0.013 -10"><span class='ocrx_word' id='word_1_548' title='bbox 135 3769 249 3838; x_wconf 89' lang='lat' dir='ltr'><strong>naculo,</strong></span> <span class='ocrx_word' id='word_1_549' title='bbox 267 3766 323 3826; x_wconf 91' lang='lat' dir='ltr'><strong>nisi</strong></span> <span class='ocrx_word' id='word_1_550' title='bbox 350 3771 458 3838; x_wconf 90' lang='lat' dir='ltr'><strong>septem</strong></span> <span class='ocrx_word' id='word_1_551' title='bbox 486 3763 687 3838; x_wconf 87' lang='lat' dir='ltr'><strong>significantur</strong></span> <span class='ocrx_word' id='word_1_552' title='bbox 713 3762 850 3822; x_wconf 77' lang='lat' dir='ltr'><strong>Ecclesiae</strong></span> <span class='ocrx_word' id='word_1_553' title='bbox 876 3762 906 3820; x_wconf 93' lang='lat' dir='ltr'><strong>irr</strong></span> <span class='ocrx_word' id='word_1_554' title='bbox 934 3777 996 3821; x_wconf 91' lang='lat' dir='ltr'><strong>uno</strong></span> <span class='ocrx_word' id='word_1_555' title='bbox 1036 3757 1157 3817; x_wconf 88' lang='lat' dir='ltr'><strong>stianus.</strong></span> 
     </span>
     <span class='ocr_line' id='line_1_40' title="bbox 135 3843 1906 3933; baseline -0.007 -15"><span class='ocrx_word' id='word_1_556' title='bbox 135 3857 241 3933; x_wconf 90' lang='lat' dir='ltr'><strong>populo</strong></span> <span class='ocrx_word' id='word_1_557' title='bbox 255 3852 490 3914; x_wconf 83' lang='lat' dir='ltr'><strong>Christiano‘lln</strong></span> <span class='ocrx_word' id='word_1_558' title='bbox 505 3853 614 3927; x_wconf 91' lang='lat' dir='ltr'><strong>quibus</strong></span> <span class='ocrx_word' id='word_1_559' title='bbox 634 3852 775 3912; x_wconf 91' lang='lat' dir='ltr'><strong>nimirum</strong></span> <span class='ocrx_word' id='word_1_560' title='bbox 794 3852 894 3912; x_wconf 91' lang='lat' dir='ltr'><strong>oleum</strong></span> <span class='ocrx_word' id='word_1_561' title='bbox 908 3852 996 3926; x_wconf 87' lang='lat' dir='ltr'><strong>y&#39;ube·</strong></span> <span class='ocrx_word' id='word_1_562' title='bbox 1072 3845 1147 3916; x_wconf 80' lang='lat' dir='ltr'><strong>Ouin</strong></span> <span class='ocrx_word' id='word_1_563' title='bbox 1173 3846 1274 3920; x_wconf 69' lang='lat' dir='ltr'><strong>igitur}</strong></span> <span class='ocrx_word' id='word_1_564' title='bbox 1297 3843 1488 3918; x_wconf 89' lang='lat' dir='ltr'><strong>dilectissimi,</strong></span> <span class='ocrx_word' id='word_1_565' title='bbox 1510 3862 1563 3922; x_wconf 89' lang='lat' dir='ltr'><strong>per</strong></span> <span class='ocrx_word' id='word_1_566' title='bbox 1590 3848 1713 3924; x_wconf 84' lang='lat' dir='ltr'><strong>gratiam</strong></span> <span class='ocrx_word' id='word_1_567' title='bbox 1739 3846 1906 3910; x_wconf 75' lang='lat' dir='ltr'><strong>salvatoris</strong></span> 
     </span>
     <span class='ocr_line' id='line_1_41' title="bbox 136 3935 1905 4017; baseline -0.003 -12"><span class='ocrx_word' id='word_1_568' title='bbox 136 3954 184 4006; x_wconf 92' lang='lat' dir='ltr'><strong>tnr</strong></span> <span class='ocrx_word' id='word_1_569' title='bbox 209 3944 406 4006; x_wconf 84' lang='lat' dir='ltr'><strong>indesinenter</strong></span> <span class='ocrx_word' id='word_1_570' title='bbox 424 3941 535 4013; x_wconf 86' lang='lat' dir='ltr'><strong>ardere,</strong></span> <span class='ocrx_word' id='word_1_571' title='bbox 552 3941 621 4017; x_wconf 88' lang='lat' dir='ltr'><strong>quia</strong></span> <span class='ocrx_word' id='word_1_572' title='bbox 643 3940 674 3998; x_wconf 91' lang='lat' dir='ltr'><strong>in</strong></span> <span class='ocrx_word' id='word_1_573' title='bbox 698 3939 744 3999; x_wconf 91' lang='lat' dir='ltr'><strong>his</strong></span> <span class='ocrx_word' id='word_1_574' title='bbox 767 3942 877 3999; x_wconf 88' lang='lat' dir='ltr'><strong>sincera</strong></span> <span class='ocrx_word' id='word_1_575' title='bbox 899 3940 994 3999; x_wconf 91' lang='lat' dir='ltr'><strong>chari-</strong></span> <span class='ocrx_word' id='word_1_576' title='bbox 1036 3936 1127 3994; x_wconf 89' lang='lat' dir='ltr'><strong>nostri</strong></span> <span class='ocrx_word' id='word_1_577' title='bbox 1146 3936 1208 4009; x_wconf 86' lang='lat' dir='ltr'><strong>jam</strong></span> <span class='ocrx_word' id='word_1_578' title='bbox 1230 3936 1321 4010; x_wconf 84' lang='lat' dir='ltr'><strong>hujus</strong></span> <span class='ocrx_word' id='word_1_579' title='bbox 1348 3935 1513 3995; x_wconf 88' lang='lat' dir='ltr'><strong>chrismatis</strong></span> <span class='ocrx_word' id='word_1_580' title='bbox 1529 3938 1712 4012; x_wconf 88' lang='lat' dir='ltr'><strong>percepimus</strong></span> <span class='ocrx_word' id='word_1_581' title='bbox 1731 3953 1905 4000; x_wconf 72' lang='lat' dir='ltr'><strong>moramen-</strong></span> 
     </span>
     <span class='ocr_line' id='line_1_42' title="bbox 134 4024 1905 4110; baseline -0.003 -16"><span class='ocrx_word' id='word_1_582' title='bbox 134 4042 187 4108; x_wconf 90' lang='lat' dir='ltr'><strong>tas,</strong></span> <span class='ocrx_word' id='word_1_583' title='bbox 202 4049 269 4110; x_wconf 83' lang='lat' dir='ltr'><strong>quae</strong></span> <span class='ocrx_word' id='word_1_584' title='bbox 289 4049 341 4107; x_wconf 89' lang='lat' dir='ltr'><strong>per</strong></span> <span class='ocrx_word' id='word_1_585' title='bbox 364 4031 508 4106; x_wconf 88' lang='lat' dir='ltr'><strong>Spiritum</strong></span> <span class='ocrx_word' id='word_1_586' title='bbox 527 4036 659 4089; x_wconf 87' lang='lat' dir='ltr'><strong>sanctum</strong></span> <span class='ocrx_word' id='word_1_587' title='bbox 677 4029 772 4102; x_wconf 91' lang='lat' dir='ltr'><strong>datur,</strong></span> <span class='ocrx_word' id='word_1_588' title='bbox 786 4028 897 4103; x_wconf 85' lang='lat' dir='ltr'><strong>gemini</strong></span> <span class='ocrx_word' id='word_1_589' title='bbox 911 4029 997 4088; x_wconf 89' lang='lat' dir='ltr'><strong>debet</strong></span> <span class='ocrx_word' id='word_1_590' title='bbox 1036 4030 1109 4096; x_wconf 91' lang='lat' dir='ltr'><strong>tom,</strong></span> <span class='ocrx_word' id='word_1_591' title='bbox 1123 4024 1194 4099; x_wconf 90' lang='lat' dir='ltr'><strong>quia</strong></span> <span class='ocrx_word' id='word_1_592' title='bbox 1210 4024 1272 4097; x_wconf 83' lang='lat' dir='ltr'><strong>jam</strong></span> <span class='ocrx_word' id='word_1_593' title='bbox 1287 4024 1376 4098; x_wconf 80' lang='lat' dir='ltr'><strong>regia</strong></span> <span class='ocrx_word' id='word_1_594' title='bbox 1393 4024 1543 4098; x_wconf 83' lang='lat' dir='ltr'><strong>dignitatis</strong></span> <span class='ocrx_word' id='word_1_595' title='bbox 1562 4040 1737 4100; x_wconf 86' lang='lat' dir='ltr'><strong>expressum</strong></span> <span class='ocrx_word' id='word_1_596' title='bbox 1759 4029 1905 4101; x_wconf 71' lang='lat' dir='ltr'><strong>prateri-</strong></span> 
     </span>
     <span class='ocr_line' id='line_1_43' title="bbox 135 4113 1907 4195; baseline -0.003 -13"><span class='ocrx_word' id='word_1_597' title='bbox 135 4123 241 4182; x_wconf 90' lang='lat' dir='ltr'><strong>amoris</strong></span> <span class='ocrx_word' id='word_1_598' title='bbox 267 4121 334 4195; x_wconf 84' lang='lat' dir='ltr'><strong>igne</strong></span> <span class='ocrx_word' id='word_1_599' title='bbox 362 4120 532 4186; x_wconf 80' lang='lat' dir='ltr'><strong>torrescere,</strong></span> <span class='ocrx_word' id='word_1_600' title='bbox 558 4125 586 4176; x_wconf 91' lang='lat' dir='ltr'><strong>et</strong></span> <span class='ocrx_word' id='word_1_601' title='bbox 608 4117 695 4175; x_wconf 89' lang='lat' dir='ltr'><strong>claris</strong></span> <span class='ocrx_word' id='word_1_602' title='bbox 719 4123 805 4191; x_wconf 88' lang='lat' dir='ltr'><strong>atque</strong></span> <span class='ocrx_word' id='word_1_603' title='bbox 832 4117 996 4191; x_wconf 88' lang='lat' dir='ltr'><strong>conspicuis</strong></span> <span class='ocrx_word' id='word_1_604' title='bbox 1036 4127 1102 4172; x_wconf 93' lang='lat' dir='ltr'><strong>mus</strong></span> <span class='ocrx_word' id='word_1_605' title='bbox 1120 4115 1152 4172; x_wconf 91' lang='lat' dir='ltr'><strong>in</strong></span> <span class='ocrx_word' id='word_1_606' title='bbox 1173 4113 1269 4172; x_wconf 87' lang='lat' dir='ltr'><strong>fronte</strong></span> <span class='ocrx_word' id='word_1_607' title='bbox 1290 4114 1483 4188; x_wconf 89' lang='lat' dir='ltr'><strong>signaculum,</strong></span> <span class='ocrx_word' id='word_1_608' title='bbox 1507 4114 1675 4175; x_wconf 80' lang='lat' dir='ltr'><strong>studeamus</strong></span> <span class='ocrx_word' id='word_1_609' title='bbox 1695 4116 1736 4175; x_wconf 88' lang='lat' dir='ltr'><strong>ita</strong></span> <span class='ocrx_word' id='word_1_610' title='bbox 1758 4116 1907 4177; x_wconf 79' lang='lat' dir='ltr'><strong>nobiliter</strong></span> 
     </span>
     <span class='ocr_line' id='line_1_44' title="bbox 134 4203 1906 4282; baseline -0.001 -14"><span class='ocrx_word' id='word_1_611' title='bbox 134 4225 248 4280; x_wconf 85' lang='lat' dir='ltr'><strong>semper</strong></span> <span class='ocrx_word' id='word_1_612' title='bbox 265 4207 402 4282; x_wconf 89' lang='lat' dir='ltr'><strong>operibus</strong></span> <span class='ocrx_word' id='word_1_613' title='bbox 428 4219 588 4265; x_wconf 88' lang='lat' dir='ltr'><strong>coruscare.</strong></span> <span class='ocrx_word' id='word_1_614' title='bbox 610 4203 665 4263; x_wconf 91' lang='lat' dir='ltr'><strong>Sed</strong></span> <span class='ocrx_word' id='word_1_615' title='bbox 691 4218 758 4261; x_wconf 94' lang='lat' dir='ltr'><strong>cum</strong></span> <span class='ocrx_word' id='word_1_616' title='bbox 783 4218 843 4262; x_wconf 87' lang='lat' dir='ltr'><strong>una</strong></span> <span class='ocrx_word' id='word_1_617' title='bbox 868 4203 908 4262; x_wconf 88' lang='lat' dir='ltr'><strong>sit</strong></span> <span class='ocrx_word' id='word_1_618' title='bbox 927 4220 995 4277; x_wconf 89' lang='lat' dir='ltr'><strong>pro·</strong></span> <span class='ocrx_word' id='word_1_619' title='bbox 1036 4203 1136 4262; x_wconf 83' lang='lat' dir='ltr'><strong>rivere</strong></span> <span class='ocrx_word' id='word_1_620' title='bbox 1161 4209 1195 4261; x_wconf 92' lang='lat' dir='ltr'><strong>ut</strong></span> <span class='ocrx_word' id='word_1_621' title='bbox 1222 4205 1401 4263; x_wconf 84' lang='lat' dir='ltr'><strong>conversatio</strong></span> <span class='ocrx_word' id='word_1_622' title='bbox 1426 4210 1524 4265; x_wconf 88' lang='lat' dir='ltr'><strong>nostra</strong></span> <span class='ocrx_word' id='word_1_623' title='bbox 1550 4210 1609 4264; x_wconf 89' lang='lat' dir='ltr'><strong>tam</strong></span> <span class='ocrx_word' id='word_1_624' title='bbox 1639 4204 1749 4266; x_wconf 82' lang='lat' dir='ltr'><strong>diuinis</strong></span> <span class='ocrx_word' id='word_1_625' title='bbox 1778 4213 1906 4282; x_wconf 74' lang='lat' dir='ltr'><strong>temque</strong></span> 
     </span>
     <span class='ocr_line' id='line_1_45' title="bbox 133 4290 1906 4368; baseline -0.002 -10"><span class='ocrx_word' id='word_1_626' title='bbox 133 4300 188 4360; x_wconf 86' lang='lat' dir='ltr'><strong>cul</strong></span> <span class='ocrx_word' id='word_1_627' title='bbox 202 4297 293 4358; x_wconf 91' lang='lat' dir='ltr'><strong>dubio</strong></span> <span class='ocrx_word' id='word_1_628' title='bbox 321 4296 471 4367; x_wconf 88' lang='lat' dir='ltr'><strong>catholica,</strong></span> <span class='ocrx_word' id='word_1_629' title='bbox 493 4292 668 4353; x_wconf 83' lang='lat' dir='ltr'><strong>uniuersalis</strong></span> <span class='ocrx_word' id='word_1_630' title='bbox 690 4292 828 4363; x_wconf 89' lang='lat' dir='ltr'><strong>Ecclesia,</strong></span> <span class='ocrx_word' id='word_1_631' title='bbox 846 4294 920 4352; x_wconf 90' lang='lat' dir='ltr'><strong>sicut</strong></span> <span class='ocrx_word' id='word_1_632' title='bbox 944 4310 996 4368; x_wconf 88' lang='lat' dir='ltr'><strong>per</strong></span> <span class='ocrx_word' id='word_1_633' title='bbox 1035 4290 1198 4367; x_wconf 83' lang='lat' dir='ltr'><strong>magnificis</strong></span> <span class='ocrx_word' id='word_1_634' title='bbox 1222 4292 1368 4366; x_wconf 78' lang='lat' dir='ltr'><strong>mysteriis</strong></span> <span class='ocrx_word' id='word_1_635' title='bbox 1396 4293 1491 4352; x_wconf 85' lang='lat' dir='ltr'><strong>valeat</strong></span> <span class='ocrx_word' id='word_1_636' title='bbox 1517 4294 1700 4354; x_wconf 86' lang='lat' dir='ltr'><strong>concordare.</strong></span> <span class='ocrx_word' id='word_1_637' title='bbox 1731 4293 1792 4354; x_wconf 88' lang='lat' dir='ltr'><strong>Nos</strong></span> <span class='ocrx_word' id='word_1_638' title='bbox 1816 4296 1906 4356; x_wconf 85' lang='lat' dir='ltr'><strong>enirn</strong></span> 
     </span>
     <span class='ocr_line' id='line_1_46' title="bbox 136 4380 1902 4460; baseline -0.001 -12"><span class='ocrx_word' id='word_1_639' title='bbox 136 4387 321 4449; x_wconf 91' lang='lat' dir='ltr'><strong>Salomonem</strong></span> <span class='ocrx_word' id='word_1_640' title='bbox 345 4384 475 4444; x_wconf 88' lang='lat' dir='ltr'><strong>dicitur:</strong></span> <span class='ocrx_word' id='word_1_641' title='bbox 495 4408 508 4432; x_wconf 67' lang='lat' dir='ltr'><strong>r«</strong></span> <span class='ocrx_word' id='word_1_642' title='bbox 527 4381 591 4440; x_wconf 84' lang='lat' dir='ltr'><strong>Una</strong></span> <span class='ocrx_word' id='word_1_643' title='bbox 614 4388 656 4439; x_wconf 89' lang='lat' dir='ltr'><strong>est</strong></span> <span class='ocrx_word' id='word_1_644' title='bbox 676 4380 813 4440; x_wconf 89' lang='lat' dir='ltr'><strong>columba</strong></span> <span class='ocrx_word' id='word_1_645' title='bbox 836 4396 908 4452; x_wconf 87' lang='lat' dir='ltr'><strong>mea,</strong></span> <span class='ocrx_word' id='word_1_646' title='bbox 935 4398 993 4441; x_wconf 90' lang='lat' dir='ltr'><strong>una</strong></span> <span class='ocrx_word' id='word_1_647' title='bbox 1036 4398 1149 4451; x_wconf 86' lang='lat' dir='ltr'><strong>sumus,</strong></span> <span class='ocrx_word' id='word_1_648' title='bbox 1177 4382 1284 4455; x_wconf 90' lang='lat' dir='ltr'><strong>quibus</strong></span> <span class='ocrx_word' id='word_1_649' title='bbox 1310 4398 1361 4457; x_wconf 88' lang='lat' dir='ltr'><strong>per</strong></span> <span class='ocrx_word' id='word_1_650' title='bbox 1387 4384 1515 4458; x_wconf 88' lang='lat' dir='ltr'><strong>primum</strong></span> <span class='ocrx_word' id='word_1_651' title='bbox 1542 4384 1736 4460; x_wconf 85' lang='lat' dir='ltr'><strong>apostolorum</strong></span> <span class='ocrx_word' id='word_1_652' title='bbox 1762 4384 1902 4446; x_wconf 87' lang='lat' dir='ltr'><strong>dicitur:</strong></span> 
     </span>
     <span class='ocr_line' id='line_1_47' title="bbox 132 4470 1906 4553; baseline -0.001 -15"><span class='ocrx_word' id='word_1_653' title='bbox 132 4476 281 4553; x_wconf 82' lang='lat' dir='ltr'><strong>genitricis</strong></span> <span class='ocrx_word' id='word_1_654' title='bbox 294 4491 356 4535; x_wconf 78' lang='lat' dir='ltr'><strong>suae</strong></span> <span class='ocrx_word' id='word_1_655' title='bbox 376 4476 463 4547; x_wconf 79' lang='lat' dir='ltr'><strong>(cant.</strong></span> <span class='ocrx_word' id='word_1_656' title='bbox 481 4474 543 4543; x_wconf 74' lang='lat' dir='ltr'><strong>vr),</strong></span> <span class='ocrx_word' id='word_1_657' title='bbox 568 4493 583 4523; x_wconf 73' lang='lat' dir='ltr'><strong>r»</strong></span> <span class='ocrx_word' id='word_1_658' title='bbox 600 4470 672 4545; x_wconf 91' lang='lat' dir='ltr'><strong>quid</strong></span> <span class='ocrx_word' id='word_1_659' title='bbox 691 4477 744 4541; x_wconf 87' lang='lat' dir='ltr'><strong>est,</strong></span> <span class='ocrx_word' id='word_1_660' title='bbox 758 4470 835 4545; x_wconf 92' lang='lat' dir='ltr'><strong>qnod</strong></span> <span class='ocrx_word' id='word_1_661' title='bbox 854 4471 886 4529; x_wconf 94' lang='lat' dir='ltr'><strong>in</strong></span> <span class='ocrx_word' id='word_1_662' title='bbox 906 4472 994 4531; x_wconf 92' lang='lat' dir='ltr'><strong>sacris</strong></span> <span class='ocrx_word' id='word_1_663' title='bbox 1038 4494 1051 4523; x_wconf 79' lang='grc' dir='ltr'>ι</span> <span class='ocrx_word' id='word_1_664' title='bbox 1080 4471 1139 4531; x_wconf 90' lang='lat' dir='ltr'><strong>Vos</strong></span> <span class='ocrx_word' id='word_1_665' title='bbox 1173 4487 1267 4546; x_wconf 87' lang='lat' dir='ltr'><strong>genus</strong></span> <span class='ocrx_word' id='word_1_666' title='bbox 1297 4471 1434 4545; x_wconf 88' lang='lat' dir='ltr'><strong>electum,</strong></span> <span class='ocrx_word' id='word_1_667' title='bbox 1463 4474 1559 4548; x_wconf 75' lang='lat' dir='ltr'><strong>regale</strong></span> <span class='ocrx_word' id='word_1_668' title='bbox 1595 4473 1797 4546; x_wconf 82' lang='lat' dir='ltr'><strong>sacerdotium,</strong></span> <span class='ocrx_word' id='word_1_669' title='bbox 1823 4491 1906 4551; x_wconf 82' lang='lat' dir='ltr'><strong>gens</strong></span> 
     </span>
     <span class='ocr_line' id='line_1_48' title="bbox 131 4530 1904 4643; baseline -0.001 -15"><span class='ocrx_word' id='word_1_670' title='bbox 131 4567 257 4643; x_wconf 86' lang='lat' dir='ltr'><strong>eloquiis</strong></span> <span class='ocrx_word' id='word_1_671' title='bbox 271 4573 381 4640; x_wconf 89' lang='lat' dir='ltr'><strong>septem</strong></span> <span class='ocrx_word' id='word_1_672' title='bbox 401 4579 465 4623; x_wconf 92' lang='lat' dir='ltr'><strong>esse</strong></span> <span class='ocrx_word' id='word_1_673' title='bbox 484 4563 653 4622; x_wconf 82' lang='lat' dir='ltr'><strong>reseruntur</strong></span> <span class='ocrx_word' id='word_1_674' title='bbox 672 4557 819 4631; x_wconf 80' lang='lat' dir='ltr'><strong>Ecclesiae,</strong></span> <span class='ocrx_word' id='word_1_675' title='bbox 834 4563 892 4622; x_wconf 89' lang='lat' dir='ltr'><strong>nisi</strong></span> <span class='ocrx_word' id='word_1_676' title='bbox 910 4562 990 4638; x_wconf 88' lang='lat' dir='ltr'><strong>quia,</strong></span> <span class='ocrx_word' id='word_1_677' title='bbox 1001 4530 1027 4591; x_wconf 76' lang='lat' dir='ltr'>D</span> <span class='ocrx_word' id='word_1_678' title='bbox 1038 4568 1147 4633; x_wconf 72' lang='lat' dir='ltr'><strong>sancta</strong></span> <span class='ocrx_word' id='word_1_679' title='bbox 1160 4561 1287 4637; x_wconf 88' lang='lat' dir='ltr'><strong>populus</strong></span> <span class='ocrx_word' id='word_1_680' title='bbox 1296 4563 1506 4636; x_wconf 89' lang='lat' dir='ltr'><strong>acquisitionis,</strong></span> <span class='ocrx_word' id='word_1_681' title='bbox 1518 4570 1552 4625; x_wconf 93' lang='lat' dir='ltr'><strong>ut</strong></span> <span class='ocrx_word' id='word_1_682' title='bbox 1565 4564 1703 4624; x_wconf 83' lang='lat' dir='ltr'><strong>virtutem</strong></span> <span class='ocrx_word' id='word_1_683' title='bbox 1715 4566 1904 4627; x_wconf 78' lang='lat' dir='ltr'><strong>annuntietis</strong></span> 
     </span>
     <span class='ocr_line' id='line_1_49' title="bbox 131 4649 1904 4733; baseline 0 -18"><span class='ocrx_word' id='word_1_684' title='bbox 131 4671 199 4733; x_wconf 83' lang='lat' dir='ltr'><strong>quas</strong></span> <span class='ocrx_word' id='word_1_685' title='bbox 212 4670 271 4715; x_wconf 89' lang='lat' dir='ltr'><strong>una</strong></span> <span class='ocrx_word' id='word_1_686' title='bbox 290 4661 333 4714; x_wconf 90' lang='lat' dir='ltr'><strong>est</strong></span> <span class='ocrx_word' id='word_1_687' title='bbox 354 4669 406 4728; x_wconf 92' lang='lat' dir='ltr'><strong>per</strong></span> <span class='ocrx_word' id='word_1_688' title='bbox 429 4652 570 4710; x_wconf 88' lang='lat' dir='ltr'><strong>unitatem</strong></span> <span class='ocrx_word' id='word_1_689' title='bbox 593 4650 671 4723; x_wconf 89' lang='lat' dir='ltr'><strong>tidei,</strong></span> <span class='ocrx_word' id='word_1_690' title='bbox 687 4651 862 4724; x_wconf 77' lang='lat' dir='ltr'><strong>septiformis</strong></span> <span class='ocrx_word' id='word_1_691' title='bbox 879 4658 922 4710; x_wconf 91' lang='lat' dir='ltr'><strong>est</strong></span> <span class='ocrx_word' id='word_1_692' title='bbox 940 4666 993 4725; x_wconf 90' lang='lat' dir='ltr'><strong>per</strong></span> <span class='ocrx_word' id='word_1_693' title='bbox 1037 4651 1163 4727; x_wconf 84' lang='lat' dir='ltr'><strong>ejusqui</strong></span> <span class='ocrx_word' id='word_1_694' title='bbox 1175 4649 1211 4708; x_wconf 87' lang='lat' dir='ltr'><strong>de</strong></span> <span class='ocrx_word' id='word_1_695' title='bbox 1229 4650 1358 4710; x_wconf 87' lang='lat' dir='ltr'><strong>tenebris</strong></span> <span class='ocrx_word' id='word_1_696' title='bbox 1375 4666 1428 4711; x_wconf 84' lang='lat' dir='ltr'><strong>ros</strong></span> <span class='ocrx_word' id='word_1_697' title='bbox 1441 4653 1555 4713; x_wconf 79' lang='lat' dir='ltr'><strong>vocavit</strong></span> <span class='ocrx_word' id='word_1_698' title='bbox 1565 4654 1597 4712; x_wconf 94' lang='lat' dir='ltr'><strong>in</strong></span> <span class='ocrx_word' id='word_1_699' title='bbox 1611 4652 1783 4713; x_wconf 87' lang='lat' dir='ltr'><strong>admirabile</strong></span> <span class='ocrx_word' id='word_1_700' title='bbox 1793 4653 1904 4715; x_wconf 88' lang='lat' dir='ltr'><strong>lumen</strong></span> 
     </span>
     <span class='ocr_line' id='line_1_50' title="bbox 131 4738 1905 4817; baseline 0 -13"><span class='ocrx_word' id='word_1_701' title='bbox 131 4746 249 4807; x_wconf 89' lang='lat' dir='ltr'><strong>totidem</strong></span> <span class='ocrx_word' id='word_1_702' title='bbox 264 4745 341 4803; x_wconf 92' lang='lat' dir='ltr'><strong>dona</strong></span> <span class='ocrx_word' id='word_1_703' title='bbox 357 4739 484 4816; x_wconf 89' lang='lat' dir='ltr'><strong>Spiritus</strong></span> <span class='ocrx_word' id='word_1_704' title='bbox 498 4738 615 4798; x_wconf 80' lang='lat' dir='ltr'><strong>sancd?</strong></span> <span class='ocrx_word' id='word_1_705' title='bbox 630 4738 685 4798; x_wconf 77' lang='lat' dir='ltr'><strong>Hae</strong></span> <span class='ocrx_word' id='word_1_706' title='bbox 700 4748 767 4798; x_wconf 86' lang='lat' dir='ltr'><strong>sunt</strong></span> <span class='ocrx_word' id='word_1_707' title='bbox 787 4741 867 4798; x_wconf 91' lang='lat' dir='ltr'><strong>enim</strong></span> <span class='ocrx_word' id='word_1_708' title='bbox 881 4747 991 4814; x_wconf 86' lang='lat' dir='ltr'><strong>septem</strong></span> <span class='ocrx_word' id='word_1_709' title='bbox 1036 4755 1125 4799; x_wconf 91' lang='lat' dir='ltr'><strong>suum</strong></span> <span class='ocrx_word' id='word_1_710' title='bbox 1148 4742 1172 4813; x_wconf 83' lang='lat' dir='ltr'><strong>(i</strong></span> <span class='ocrx_word' id='word_1_711' title='bbox 1186 4743 1258 4798; x_wconf 84' lang='lat' dir='ltr'><strong>Pctr.</strong></span> <span class='ocrx_word' id='word_1_712' title='bbox 1271 4741 1321 4813; x_wconf 87' lang='lat' dir='ltr'><strong>rr).</strong></span> <span class='ocrx_word' id='word_1_713' title='bbox 1342 4763 1355 4792; x_wconf 79' lang='lat' dir='ltr'><strong>r</strong></span> <span class='ocrx_word' id='word_1_714' title='bbox 1371 4739 1407 4798; x_wconf 88' lang='lat' dir='ltr'><strong>Et</strong></span> <span class='ocrx_word' id='word_1_715' title='bbox 1429 4747 1505 4801; x_wconf 82' lang='lat' dir='ltr'><strong>certe</strong></span> <span class='ocrx_word' id='word_1_716' title='bbox 1527 4742 1597 4801; x_wconf 90' lang='lat' dir='ltr'><strong>satis</strong></span> <span class='ocrx_word' id='word_1_717' title='bbox 1618 4741 1746 4817; x_wconf 82' lang='lat' dir='ltr'><strong>ignobile</strong></span> <span class='ocrx_word' id='word_1_718' title='bbox 1766 4749 1813 4803; x_wconf 82' lang='lat' dir='ltr'><strong>est</strong></span> <span class='ocrx_word' id='word_1_719' title='bbox 1842 4744 1905 4804; x_wconf 81' lang='lat' dir='ltr'><strong>sub</strong></span> 
     </span>
     <span class='ocr_line' id='line_1_51' title="bbox 133 4826 1908 4907; baseline 0.001 -13"><span class='ocrx_word' id='word_1_720' title='bbox 133 4835 192 4894; x_wconf 78' lang='lat' dir='ltr'><strong>illae</strong></span> <span class='ocrx_word' id='word_1_721' title='bbox 208 4833 356 4902; x_wconf 88' lang='lat' dir='ltr'><strong>mulieres,</strong></span> <span class='ocrx_word' id='word_1_722' title='bbox 372 4843 439 4903; x_wconf 82' lang='lat' dir='ltr'><strong>quae</strong></span> <span class='ocrx_word' id='word_1_723' title='bbox 454 4828 539 4903; x_wconf 83' lang='lat' dir='ltr'><strong>juxta</strong></span> <span class='ocrx_word' id='word_1_724' title='bbox 561 4827 709 4902; x_wconf 75' lang='lat' dir='ltr'><strong>prophetae</strong></span> <span class='ocrx_word' id='word_1_725' title='bbox 726 4826 894 4885; x_wconf 82' lang='lat' dir='ltr'><strong>vaticinium</strong></span> <span class='ocrx_word' id='word_1_726' title='bbox 915 4842 993 4886; x_wconf 79' lang='lat' dir='ltr'><strong>acce</strong></span> <span class='ocrx_word' id='word_1_727' title='bbox 1035 4829 1175 4889; x_wconf 87' lang='lat' dir='ltr'><strong>vitiorum</strong></span> <span class='ocrx_word' id='word_1_728' title='bbox 1197 4831 1360 4889; x_wconf 88' lang='lat' dir='ltr'><strong>carnalium</strong></span> <span class='ocrx_word' id='word_1_729' title='bbox 1381 4829 1481 4890; x_wconf 85' lang='lat' dir='ltr'><strong>vivere</strong></span> <span class='ocrx_word' id='word_1_730' title='bbox 1501 4832 1651 4902; x_wconf 83' lang='lat' dir='ltr'><strong>seruitute,</strong></span> <span class='ocrx_word' id='word_1_731' title='bbox 1672 4831 1735 4907; x_wconf 81' lang='lat' dir='ltr'><strong>qui,</strong></span> <span class='ocrx_word' id='word_1_732' title='bbox 1758 4831 1821 4893; x_wconf 86' lang='lat' dir='ltr'><strong>Deo</strong></span> <span class='ocrx_word' id='word_1_733' title='bbox 1844 4849 1908 4895; x_wconf 79' lang='lat' dir='ltr'><strong>nos</strong></span> 
     </span>
     <span class='ocr_line' id='line_1_52' title="bbox 131 4915 1908 4999; baseline 0 -14"><span class='ocrx_word' id='word_1_734' title='bbox 131 4941 199 4999; x_wconf 87' lang='lat' dir='ltr'><strong>pere</strong></span> <span class='ocrx_word' id='word_1_735' title='bbox 225 4924 322 4981; x_wconf 89' lang='lat' dir='ltr'><strong>virum</strong></span> <span class='ocrx_word' id='word_1_736' title='bbox 352 4934 448 4985; x_wconf 86' lang='lat' dir='ltr'><strong>uuum</strong></span> <span class='ocrx_word' id='word_1_737' title='bbox 475 4919 549 4989; x_wconf 80' lang='lat' dir='ltr'><strong>(isui.</strong></span> <span class='ocrx_word' id='word_1_738' title='bbox 577 4920 628 4986; x_wconf 83' lang='lat' dir='ltr'><strong>tv).</strong></span> <span class='ocrx_word' id='word_1_739' title='bbox 658 4915 709 4974; x_wconf 92' lang='lat' dir='ltr'><strong>Vir</strong></span> <span class='ocrx_word' id='word_1_740' title='bbox 733 4922 830 4975; x_wconf 87' lang='lat' dir='ltr'><strong>autem</strong></span> <span class='ocrx_word' id='word_1_741' title='bbox 855 4915 992 4976; x_wconf 73' lang='lat' dir='ltr'><strong>Ecclesiae</strong></span> <span class='ocrx_word' id='word_1_742' title='bbox 1037 4920 1908 4997; x_wconf 84' lang='lat' dir='ltr'><strong>adoptabis,regiiobtinemusgenerisdignitatsm.l&#39;limis</strong></span> 
     </span>
     <span class='ocr_line' id='line_1_53' title="bbox 132 5004 1904 5089; baseline 0 -15"><span class='ocrx_word' id='word_1_743' title='bbox 132 5013 272 5073; x_wconf 81' lang='lat' dir='ltr'><strong>Christus.</strong></span> <span class='ocrx_word' id='word_1_744' title='bbox 305 5009 367 5068; x_wconf 91' lang='lat' dir='ltr'><strong>Hoc</strong></span> <span class='ocrx_word' id='word_1_745' title='bbox 402 5006 488 5082; x_wconf 90' lang='lat' dir='ltr'><strong>plane</strong></span> <span class='ocrx_word' id='word_1_746' title='bbox 521 5006 611 5064; x_wconf 89' lang='lat' dir='ltr'><strong>sancti</strong></span> <span class='ocrx_word' id='word_1_747' title='bbox 642 5004 767 5079; x_wconf 89' lang='lat' dir='ltr'><strong>Spiritus</strong></span> <span class='ocrx_word' id='word_1_748' title='bbox 794 5005 858 5065; x_wconf 91' lang='lat' dir='ltr'><strong>oleo</strong></span> <span class='ocrx_word' id='word_1_749' title='bbox 888 5015 992 5066; x_wconf 87' lang='lat' dir='ltr'><strong>cuncta</strong></span> <span class='ocrx_word' id='word_1_750' title='bbox 1036 5016 1176 5084; x_wconf 89' lang='lat' dir='ltr'><strong>turpeest</strong></span> <span class='ocrx_word' id='word_1_751' title='bbox 1201 5016 1234 5069; x_wconf 92' lang='lat' dir='ltr'><strong>ut</strong></span> <span class='ocrx_word' id='word_1_752' title='bbox 1259 5018 1383 5072; x_wconf 80' lang='lat' dir='ltr'><strong>terrenas</strong></span> <span class='ocrx_word' id='word_1_753' title='bbox 1406 5015 1499 5073; x_wconf 92' lang='lat' dir='ltr'><strong>simus</strong></span> <span class='ocrx_word' id='word_1_754' title='bbox 1525 5014 1768 5088; x_wconf 83' lang='lat' dir='ltr'><strong>concupiscentias</strong></span> <span class='ocrx_word' id='word_1_755' title='bbox 1792 5013 1904 5089; x_wconf 85' lang='lat' dir='ltr'><strong>dediti,</strong></span> 
     </span>
     <span class='ocr_line' id='line_1_54' title="bbox 133 5095 1906 5174; baseline -0.001 -10"><span class='ocrx_word' id='word_1_756' title='bbox 133 5118 281 5164; x_wconf 89' lang='lat' dir='ltr'><strong>sacrarum</strong></span> <span class='ocrx_word' id='word_1_757' title='bbox 303 5099 522 5173; x_wconf 87' lang='lat' dir='ltr'><strong>Scripturarum</strong></span> <span class='ocrx_word' id='word_1_758' title='bbox 543 5095 648 5170; x_wconf 86' lang='lat' dir='ltr'><strong>pabula</strong></span> <span class='ocrx_word' id='word_1_759' title='bbox 671 5095 856 5166; x_wconf 88' lang='lat' dir='ltr'><strong>condiuntur,</strong></span> <span class='ocrx_word' id='word_1_760' title='bbox 874 5102 908 5154; x_wconf 92' lang='lat' dir='ltr'><strong>ut</strong></span> <span class='ocrx_word' id='word_1_761' title='bbox 926 5095 992 5155; x_wconf 90' lang='lat' dir='ltr'><strong>ani·</strong></span> <span class='ocrx_word' id='word_1_762' title='bbox 1035 5099 1086 5174; x_wconf 94' lang='lat' dir='ltr'><strong>qui</strong></span> <span class='ocrx_word' id='word_1_763' title='bbox 1101 5106 1130 5157; x_wconf 86' lang='lat' dir='ltr'><strong>et</strong></span> <span class='ocrx_word' id='word_1_764' title='bbox 1143 5098 1195 5158; x_wconf 86' lang='lat' dir='ltr'><strong>Dei</strong></span> <span class='ocrx_word' id='word_1_765' title='bbox 1210 5115 1349 5161; x_wconf 85' lang='lat' dir='ltr'><strong>vocamur</strong></span> <span class='ocrx_word' id='word_1_766' title='bbox 1367 5101 1432 5173; x_wconf 89' lang='lat' dir='ltr'><strong>tilii,</strong></span> <span class='ocrx_word' id='word_1_767' title='bbox 1446 5109 1475 5164; x_wconf 89' lang='lat' dir='ltr'><strong>et</strong></span> <span class='ocrx_word' id='word_1_768' title='bbox 1491 5103 1528 5162; x_wconf 86' lang='lat' dir='ltr'><strong>ad</strong></span> <span class='ocrx_word' id='word_1_769' title='bbox 1546 5103 1733 5163; x_wconf 87' lang='lat' dir='ltr'><strong>obtinendem</strong></span> <span class='ocrx_word' id='word_1_770' title='bbox 1746 5101 1906 5163; x_wconf 82' lang='lat' dir='ltr'><strong>otelsstern</strong></span> 
     </span>
     <span class='ocr_line' id='line_1_55' title="bbox 134 5182 1904 5265; baseline -0.001 -15"><span class='ocrx_word' id='word_1_771' title='bbox 134 5206 249 5250; x_wconf 92' lang='lat' dir='ltr'><strong>marum</strong></span> <span class='ocrx_word' id='word_1_772' title='bbox 263 5195 429 5248; x_wconf 89' lang='lat' dir='ltr'><strong>nostrarum</strong></span> <span class='ocrx_word' id='word_1_773' title='bbox 444 5184 553 5243; x_wconf 85' lang='lat' dir='ltr'><strong>viscera</strong></span> <span class='ocrx_word' id='word_1_774' title='bbox 567 5183 745 5257; x_wconf 86' lang='lat' dir='ltr'><strong>saginentur.</strong></span> <span class='ocrx_word' id='word_1_775' title='bbox 761 5182 931 5243; x_wconf 87' lang='lat' dir='ltr'><strong>llocoleum</strong></span> <span class='ocrx_word' id='word_1_776' title='bbox 947 5186 989 5243; x_wconf 84' lang='lat' dir='ltr'><strong>ri·</strong></span> <span class='ocrx_word' id='word_1_777' title='bbox 1035 5186 1234 5246; x_wconf 86' lang='lat' dir='ltr'><strong>haereditatem</strong></span> <span class='ocrx_word' id='word_1_778' title='bbox 1260 5203 1311 5262; x_wconf 89' lang='lat' dir='ltr'><strong>per</strong></span> <span class='ocrx_word' id='word_1_779' title='bbox 1332 5189 1439 5250; x_wconf 82' lang='lat' dir='ltr'><strong>Christi</strong></span> <span class='ocrx_word' id='word_1_780' title='bbox 1460 5190 1583 5265; x_wconf 88' lang='lat' dir='ltr'><strong>gratiam</strong></span> <span class='ocrx_word' id='word_1_781' title='bbox 1607 5205 1753 5251; x_wconf 87' lang='lat' dir='ltr'><strong>meremur</strong></span> <span class='ocrx_word' id='word_1_782' title='bbox 1774 5190 1904 5250; x_wconf 71' lang='lat' dir='ltr'><strong>uscmbi.</strong></span> 
     </span>
     <span class='ocr_line' id='line_1_56' title="bbox 133 5271 1907 5357; baseline -0.002 -18"><span class='ocrx_word' id='word_1_783' title='bbox 133 5281 240 5339; x_wconf 85' lang='lat' dir='ltr'><strong>talibus</strong></span> <span class='ocrx_word' id='word_1_784' title='bbox 255 5277 351 5353; x_wconf 91' lang='lat' dir='ltr'><strong>epulis</strong></span> <span class='ocrx_word' id='word_1_785' title='bbox 373 5274 482 5350; x_wconf 89' lang='lat' dir='ltr'><strong>eloquii</strong></span> <span class='ocrx_word' id='word_1_786' title='bbox 497 5272 620 5332; x_wconf 82' lang='lat' dir='ltr'><strong>ooelestis</strong></span> <span class='ocrx_word' id='word_1_787' title='bbox 637 5273 770 5331; x_wconf 88' lang='lat' dir='ltr'><strong>intusum</strong></span> <span class='ocrx_word' id='word_1_788' title='bbox 790 5271 909 5346; x_wconf 88' lang='lat' dir='ltr'><strong>sapitin</strong></span> <span class='ocrx_word' id='word_1_789' title='bbox 925 5272 992 5333; x_wconf 89' lang='lat' dir='ltr'><strong>iau·</strong></span> <span class='ocrx_word' id='word_1_790' title='bbox 1036 5278 1133 5348; x_wconf 88' lang='lat' dir='ltr'><strong>Plane,</strong></span> <span class='ocrx_word' id='word_1_791' title='bbox 1160 5277 1229 5352; x_wconf 90' lang='lat' dir='ltr'><strong>quia</strong></span> <span class='ocrx_word' id='word_1_792' title='bbox 1253 5279 1387 5339; x_wconf 84' lang='lat' dir='ltr'><strong>crucifixi</strong></span> <span class='ocrx_word' id='word_1_793' title='bbox 1410 5284 1594 5357; x_wconf 79' lang='lat' dir='ltr'><strong>praecepmris</strong></span> <span class='ocrx_word' id='word_1_794' title='bbox 1620 5296 1672 5342; x_wconf 87' lang='lat' dir='ltr'><strong>nos</strong></span> <span class='ocrx_word' id='word_1_795' title='bbox 1694 5286 1808 5340; x_wconf 68' lang='lat' dir='ltr'><strong>cousus</strong></span> <span class='ocrx_word' id='word_1_796' title='bbox 1832 5295 1907 5341; x_wconf 68' lang='lat' dir='ltr'><strong>esse</strong></span> 
     </span>
     <span class='ocr_line' id='line_1_57' title="bbox 133 5363 1907 5444; baseline 0.002 -17"><span class='ocrx_word' id='word_1_797' title='bbox 133 5368 215 5428; x_wconf 92' lang='lat' dir='ltr'><strong>cibus</strong></span> <span class='ocrx_word' id='word_1_798' title='bbox 228 5368 344 5437; x_wconf 77' lang='lat' dir='ltr'><strong>animae,</strong></span> <span class='ocrx_word' id='word_1_799' title='bbox 361 5365 445 5439; x_wconf 87' lang='lat' dir='ltr'><strong>cujrrs</strong></span> <span class='ocrx_word' id='word_1_800' title='bbox 459 5368 489 5423; x_wconf 92' lang='lat' dir='ltr'><strong>et</strong></span> <span class='ocrx_word' id='word_1_801' title='bbox 502 5363 683 5422; x_wconf 89' lang='lat' dir='ltr'><strong>stomachum</strong></span> <span class='ocrx_word' id='word_1_802' title='bbox 699 5367 816 5433; x_wconf 83' lang='lat' dir='ltr'><strong>recreat,</strong></span> <span class='ocrx_word' id='word_1_803' title='bbox 832 5368 860 5419; x_wconf 92' lang='lat' dir='ltr'><strong>et</strong></span> <span class='ocrx_word' id='word_1_804' title='bbox 874 5368 991 5436; x_wconf 90' lang='lat' dir='ltr'><strong>gustum</strong></span> <span class='ocrx_word' id='word_1_805' title='bbox 1035 5365 1203 5442; x_wconf 90' lang='lat' dir='ltr'><strong>discipulos,</strong></span> <span class='ocrx_word' id='word_1_806' title='bbox 1228 5366 1351 5442; x_wconf 85' lang='lat' dir='ltr'><strong>dignum</strong></span> <span class='ocrx_word' id='word_1_807' title='bbox 1371 5375 1423 5440; x_wconf 88' lang='lat' dir='ltr'><strong>est,</strong></span> <span class='ocrx_word' id='word_1_808' title='bbox 1449 5375 1482 5430; x_wconf 92' lang='lat' dir='ltr'><strong>ut</strong></span> <span class='ocrx_word' id='word_1_809' title='bbox 1502 5369 1592 5430; x_wconf 87' lang='lat' dir='ltr'><strong>etiam</strong></span> <span class='ocrx_word' id='word_1_810' title='bbox 1612 5369 1804 5444; x_wconf 87' lang='lat' dir='ltr'><strong>nosmetipsos</strong></span> <span class='ocrx_word' id='word_1_811' title='bbox 1823 5369 1907 5431; x_wconf 85' lang='lat' dir='ltr'><strong>hnic</strong></span> 
     </span>
     <span class='ocr_line' id='line_1_58' title="bbox 134 5449 1908 5534; baseline -0.006 -19"><span class='ocrx_word' id='word_1_812' title='bbox 134 5454 320 5532; x_wconf 90' lang='lat' dir='ltr'><strong>percipientis</strong></span> <span class='ocrx_word' id='word_1_813' title='bbox 340 5451 486 5512; x_wconf 90' lang='lat' dir='ltr'><strong>obdulcat.</strong></span> <span class='ocrx_word' id='word_1_814' title='bbox 512 5451 585 5510; x_wconf 90' lang='lat' dir='ltr'><strong>Nam</strong></span> <span class='ocrx_word' id='word_1_815' title='bbox 606 5452 745 5526; x_wconf 89' lang='lat' dir='ltr'><strong>scriptum</strong></span> <span class='ocrx_word' id='word_1_816' title='bbox 768 5456 830 5508; x_wconf 88' lang='lat' dir='ltr'><strong>est:</strong></span> <span class='ocrx_word' id='word_1_817' title='bbox 849 5474 862 5498; x_wconf 84' lang='lat'>«</span> <span class='ocrx_word' id='word_1_818' title='bbox 884 5449 993 5509; x_wconf 80' lang='lat' dir='ltr'><strong>Littera</strong></span> <span class='ocrx_word' id='word_1_819' title='bbox 1035 5473 1162 5533; x_wconf 69' lang='lat' dir='ltr'><strong>nequam</strong></span> <span class='ocrx_word' id='word_1_820' title='bbox 1182 5458 1290 5517; x_wconf 74' lang='lat' dir='ltr'><strong>saeculo</strong></span> <span class='ocrx_word' id='word_1_821' title='bbox 1313 5458 1497 5533; x_wconf 63' lang='lat' dir='ltr'><strong>pyoepeamug</strong></span> <span class='ocrx_word' id='word_1_822' title='bbox 1519 5461 1687 5521; x_wconf 52' lang='lat' dir='ltr'><strong>exstincta·</strong></span> <span class='ocrx_word' id='word_1_823' title='bbox 1708 5460 1908 5534; x_wconf 58' lang='lat' dir='ltr'><strong>pponam,</strong></span> 
     </span>
     <span class='ocr_line' id='line_1_59' title="bbox 132 5539 1907 5621; baseline 0.001 -15"><span class='ocrx_word' id='word_1_824' title='bbox 132 5546 247 5617; x_wconf 88' lang='lat' dir='ltr'><strong>occidit,</strong></span> <span class='ocrx_word' id='word_1_825' title='bbox 263 5544 381 5618; x_wconf 88' lang='lat' dir='ltr'><strong>spiritus</strong></span> <span class='ocrx_word' id='word_1_826' title='bbox 403 5547 502 5600; x_wconf 89' lang='lat' dir='ltr'><strong>autem</strong></span> <span class='ocrx_word' id='word_1_827' title='bbox 526 5541 655 5600; x_wconf 80' lang='lat' dir='ltr'><strong>viviticat</strong></span> <span class='ocrx_word' id='word_1_828' title='bbox 668 5543 704 5615; x_wconf 77' lang='grc' dir='ltr'><strong>(Π</strong></span> <span class='ocrx_word' id='word_1_829' title='bbox 725 5543 784 5599; x_wconf 81' lang='lat' dir='ltr'><strong>Cor.</strong></span> <span class='ocrx_word' id='word_1_830' title='bbox 807 5541 856 5612; x_wconf 87' lang='lat' dir='ltr'><strong>nr).</strong></span> <span class='ocrx_word' id='word_1_831' title='bbox 879 5539 993 5600; x_wconf 81' lang='lat' dir='ltr'><strong>»Unde</strong></span> <span class='ocrx_word' id='word_1_832' title='bbox 1036 5543 1127 5619; x_wconf 85' lang='lat' dir='ltr'><strong>igitur</strong></span> <span class='ocrx_word' id='word_1_833' title='bbox 1148 5559 1233 5606; x_wconf 82' lang='lat' dir='ltr'><strong>cruoe</strong></span> <span class='ocrx_word' id='word_1_834' title='bbox 1247 5549 1313 5621; x_wconf 91' lang='lat' dir='ltr'><strong>post</strong></span> <span class='ocrx_word' id='word_1_835' title='bbox 1337 5545 1510 5621; x_wconf 74' lang='lat' dir='ltr'><strong>magistriam</strong></span> <span class='ocrx_word' id='word_1_836' title='bbox 1533 5550 1666 5607; x_wconf 87' lang='lat' dir='ltr'><strong>nostrum</strong></span> <span class='ocrx_word' id='word_1_837' title='bbox 1687 5554 1716 5606; x_wconf 88' lang='lat' dir='ltr'><strong>et</strong></span> <span class='ocrx_word' id='word_1_838' title='bbox 1732 5544 1907 5607; x_wconf 74' lang='lat' dir='ltr'><strong>Dumium</strong></span> 
     </span>
     <span class='ocr_line' id='line_1_60' title="bbox 133 5628 1908 5711; baseline -0.001 -14"><span class='ocrx_word' id='word_1_839' title='bbox 133 5635 288 5697; x_wconf 90' lang='lat' dir='ltr'><strong>sciendum</strong></span> <span class='ocrx_word' id='word_1_840' title='bbox 308 5636 352 5693; x_wconf 88' lang='lat' dir='ltr'><strong>cst</strong></span> <span class='ocrx_word' id='word_1_841' title='bbox 368 5630 437 5706; x_wconf 90' lang='lat' dir='ltr'><strong>quia</strong></span> <span class='ocrx_word' id='word_1_842' title='bbox 456 5641 557 5689; x_wconf 90' lang='lat' dir='ltr'><strong>omnes</strong></span> <span class='ocrx_word' id='word_1_843' title='bbox 576 5644 724 5690; x_wconf 81' lang='lat' dir='ltr'><strong>samonum</strong></span> <span class='ocrx_word' id='word_1_844' title='bbox 747 5628 932 5691; x_wconf 82' lang='lat' dir='ltr'><strong>voluminum</strong></span> <span class='ocrx_word' id='word_1_845' title='bbox 948 5647 996 5706; x_wconf 86' lang='lat' dir='ltr'><strong>pa·</strong></span> <span class='ocrx_word' id='word_1_846' title='bbox 1038 5632 1121 5694; x_wconf 89' lang='lat' dir='ltr'><strong>nulla</strong></span> <span class='ocrx_word' id='word_1_847' title='bbox 1143 5649 1198 5694; x_wconf 90' lang='lat' dir='ltr'><strong>nos</strong></span> <span class='ocrx_word' id='word_1_848' title='bbox 1219 5633 1329 5710; x_wconf 86' lang='lat' dir='ltr'><strong>negotii</strong></span> <span class='ocrx_word' id='word_1_849' title='bbox 1344 5633 1512 5710; x_wconf 89' lang='lat' dir='ltr'><strong>temporalis</strong></span> <span class='ocrx_word' id='word_1_850' title='bbox 1524 5649 1594 5696; x_wconf 79' lang='lat' dir='ltr'><strong>cars</strong></span> <span class='ocrx_word' id='word_1_851' title='bbox 1609 5632 1908 5711; x_wconf 66' lang='lat' dir='ltr'><strong>mutinensibus</strong></span> 
     </span>
    </p>
   </div>
   <div class='ocr_carea' id='block_1_9' title="bbox 0 0 2054 6209">
    <p class='ocr_par' dir='ltr' id='par_1_10' title="bbox 0 0 2054 6209">
     <span class='ocr_line' id='line_1_61' title="bbox 0 0 2054 6209; baseline 0 1"><span class='ocrx_word' id='word_1_852' title='bbox 0 0 2054 6209; x_wconf 95' lang='lat' dir='ltr'><strong> </strong></span> 
     </span>
    </p>
   </div>
  </div>
 </body>
</html>
