4100 6209
101 301 149 359 sta
493 326 497 332 ·
851 299 975 361 ssuuo
993 299 1098 359 XXVI.
1798 311 1851 372 aaa

100 422 276 493 celaverit,
298 435 387 495 super
401 437 512 494 *omues
535 428 579 481 ιιι
597 387 691 495 Κιιιιιιι.
716 426 767 491 rut.
790 445 804 477 »
830 422 952 493 Quantas
963 422 1146 488 himmersit.
1168 423 1247 483 luter
1264 433 1438 501 purpuratos
1465 429 1552 490 etiam
1570 437 1732 508 martyrum
1747 435 1851 498 choros

99 514 192 585 itaqua
216 510 269 569 tibi
295 509 484 583 subjectionis
505 511 678 586 obsequium
703 513 815 583 debeat,
828 512 953 586 puhlicis
993 512 1027 571 Β.
1056 510 1182 571 Joauues
1207 513 1239 572 in
1268 515 1426 591 magisterii
1452 518 1586 578 cathedra
1609 522 1753 596 presidet,
1782 524 1853 598 quia

99 600 173 660 omui
199 597 308 672 populo
328 597 449 658 vocibus
473 597 599 656 clamat:
631 595 744 655 «Venit
770 598 871 656 fortior
895 613 951 668 me,
994 614 1047 674 pro
1074 600 1239 661 testimonio
1257 605 1386 663 veritatis
1403 612 1538 667 strenuus
1563 607 1682 669 bellator
1702 611 1850 683 occubuit,

99 690 175 763 cujus
193 702 254 747 uon
274 702 340 746 sum
355 687 466 761 dignus
483 686 595 745 solvere
611 686 765 759 corrigiam
780 685 955 745 caloeamea
994 690 1186 764 omniumque
1204 707 1257 766 pro
1277 693 1390 752 Christo
1407 698 1581 757 certantium
1600 700 1663 759 dux
1679 700 1779 772 iactus,
1799 719 1851 762 ve·

100 787 186 837 torum
210 776 275 851 ejas
297 777 371 844 thoe.
392 776 443 850 inl.
458 797 473 827 a
494 775 517 834 Ο
539 776 630 835 heatae
650 775 823 834 humilitatis
840 774 955 847 excelsa
997 777 1105 837 xillum
1137 778 1313 856 triumphale
1340 784 1470 859 martyrii
1495 786 1567 846 cralo
1589 786 1702 862 primus
1723 791 1850 852 invexit.

98 869 236 942 majestas,
259 882 328 940 quaa
350 866 422 926 dum
446 881 500 926 suo
518 866 629 940 judicio
644 867 676 925 in
695 865 755 937 ima
772 866 954 947 deprimiturg
996 865 1102 927 Beatus
1116 867 1215 943 itaque
1231 868 1358 929 loannes
1376 874 1508 933 omnium
1524 883 1691 935 sanctorum
1709 880 1851 955 particeps

98 959 194 1018 dirim
206 958 387 1032 provehente
398 956 566 1028 clementia,
581 958 618 1017 ad
631 958 758 1018 coelestia
772 958 954 1018 sublevatur’
998 953 1070 1011 184
1089 957 1181 1017 tactus
1205 966 1248 1018 est
1268 961 1373 1034 choris,
1391 963 1460 1038 quia
1481 965 1563 1024 nulla
1580 965 1638 1024 sibi
1652 966 1745 1028 virtus
1759 970 1852 1030 defuit

97 1050 223 1121 dumque
236 1047 295 1106 [leo
309 1063 340 1106 se
355 1047 507 1106 humiliter
519 1048 646 1121 subjicit,
660 1049 696 1107 ad
712 1048 763 1107 Dei
774 1050 953 1108 consortium
995 1045 1173 1106 sanctitatis:
1189 1048 1250 1108 imo
1270 1056 1349 1110 taum
1363 1052 1509 1126 insignius
1527 1055 1604 1114 inter
1621 1071 1722 1116 omues
1736 1064 1850 1120 sancto·

97 1134 268 1195 excellenter
283 1134 425 1207 assurgitl
438 1134 728 1210 lllequippesecum
740 1136 954 1196 cacterishomi-
994 1147 1061 1191 rum
1083 1136 1199 1196 ordines
1224 1140 1338 1210 emicat,
1368 1148 1478 1216 quanto
1502 1144 1612 1203 auctori
1638 1146 1772 1206 omnium
1799 1164 1851 1224 per

97 1224 178 1284 uibus
192 1223 325 1298 perhibet
338 1230 456 1295 terram,
473 1239 507 1282 ac
521 1230 636 1284 terrena
650 1225 836 1302 toquentem
854 1227 952 1287 Domi·
995 1220 1221 1297 insumpsrsbile
1241 1229 1380 1290 meritum
1389 1232 1546 1292 sublimius
1559 1236 1779 1312 appropinquat.
1793 1238 1850 1310 Oui

97 1329 148 1373 nus
159 1319 261 1373 autem
273 1319 404 1383 testatur,
423 1312 544 1372 nullum
558 1328 593 1372 eo
607 1314 684 1374 inter
700 1323 782 1376 natos
794 1317 954 1376 mulierum
994 1310 1025 1369 in
1051 1312 1193 1374 Trinitate
1214 1319 1340 1390 perlecta
1364 1335 1443 1380 uuus
1464 1328 1493 1380 ιι
1516 1337 1605 1382 verus
1626 1323 1704 1385 Deus
1727 1328 1801 1387 vivit
1823 1333 1852 1388 et

97 1403 255 1462 surrexisse
282 1403 422 1477 majorem
443 1405 556 1472 (aava
582 1403 706 1474 sirtille
730 1420 761 1463 se
778 1405 813 1463 ad
839 1406 953 1465 solven·
996 1408 1097 1474 regnat
1110 1404 1141 1461 ib
1162 1406 1469 1468 seculasaeculomm.
1482 1411 1587 1469 Amen.

98 1491 163 1550 dum
179 1489 284 1564 artiga
306 1490 463 1553 vinculum
476 1491 652 1551 vociferatur
669 1492 836 1566 indignum,
856 1493 956 1553 Domi-

100 1595 149 1640 nus
164 1586 259 1640 totum
280 1595 385 1654 corpus
401 1595 491 1640 suum
512 1583 575 1654 ejus
598 1581 734 1642 manibus
748 1582 874 1656 subjicit,
888 1598 956 1643 cnm
1284 1552 1297 1576 *
1323 1548 1448 1611 SERMO
1464 1550 1600 1613 XXVL'

99 1668 274 1742 baptismatis
294 1669 442 1729 lavacrum
465 1669 616 1729 subitnms
635 1670 752 1731 accedit.
767 1671 820 1729 llle
832 1687 863 1730 se
887 1686 955 1746 pro-
1097 1649 1134 1696 ”E
1147 1650 1260 1699 SAN⁰T⁰
1273 1653 1366 1700 PETR⁰
1378 1654 1538 1705 mmm·
1553 1649 1653 1715 sm·
1666 1653 1746 1717 111Ῑῖ·)

99 1758 209 1831 phetam
235 1756 388 1817 humiliter
404 1757 538 1831 abnegat,
553 1773 641 1833 quem
658 1759 813 1834 plusquam
830 1760 983 1848 prophan
997 1742 1091 1817 Super
1113 1743 1189 1804 illud
1212 1744 1397 1807 Canticorom
1425 1748 1587 1813 Salomonis
1604 1778 1611 1814 ι
1636 1757 1852 1816 recusaturos

100 1853 152 1906 tam
174 1861 250 1918 esse,
265 1852 352 1919 atque
377 1844 647 1919 iusuperaugelum
668 1845 800 1906 Salvator
817 1847 952 1921 affirmat,
1274 1838 1432 1896 disserunt
1446 1845 1472 1897 te
1486 1845 1579 1900 mmo.

100 1934 215 2008 dequo
241 1940 270 1993 et
297 1935 481 2008 postmodum
509 1934 578 2022 dicit
602 1954 608 1994 :
641 1935 725 1995 «ille
749 1943 810 1996 erat
834 1935 954 1997 lucerua
1029 1938 1132 1999 Petrus
1153 1942 1308 2015 apostolus,
1324 1946 1518 2019 apostolorum
1542 1952 1676 2027 princeps
1704 1952 1854 2029 etprinci-

98 2024 210 2096 ardeus,
228 2029 258 2083 et
271 2024 371 2084 lucens
386 2028 474 2098 (toea.
494 2031 534 2097 v).
551 2050 563 2078 ι
993 2044 1064 2103 pum
1079 2031 1202 2104 primus,
1217 2032 1386 2092 hodiernam
1402 2035 1479 2095 diem
1496 2040 1579 2098 uobis
1606 2041 1730 2102 reddidit
1746 2043 1852 2105 clario-

131 2111 313 2187 Perpendite,
341 2113 445 2173 iratres
470 2115 537 2186 mei,
566 2131 654 2191 quam
677 2116 868 2188 admirabilis,
892 2117 953 2176 imo
993 2134 1065 2177 rem.
1087 2117 1173 2178 Sacra
1191 2121 1317 2195 proiecto
1336 2123 1406 2194 dies,
1429 2126 1500 2199 quia
1526 2130 1719 2190 sacratissimo
1738 2132 1852 2193 homini

108 2216 189 2274 ruam
212 2201 342 2275 angelica
362 2204 423 2262 vita
441 2203 517 2262 beati
532 2202 653 2263 loannis
671 2211 742 2276 erat,
764 2220 853 2279 quam
876 2211 954 2264 certe
993 2215 1168 2278 consecrata,
1184 2214 1212 2266 ιι
1230 2208 1311 2268 illius
1329 2211 1472 2287 assignata
1487 2216 1649 2288 preconiis,
1669 2233 1756 2296 quem
1781 2235 1853 2279 cou-

100 2292 251 2366 magnifim
265 2293 378 2354 ctuoctis
393 2293 531 2367 opinione
544 2294 696 2367 clamarat,
712 2296 763 2370 qui
780 2311 848 2355 cum
864 2295 956 2355 uultis
996 2306 1100 2358 ventus
1120 2299 1269 2373 angelicus
1292 2316 1352 2361 non
1375 2304 1556 2365 mediocriter
1578 2315 1736 2368 reveretur.
1767 2310 1853 2370 Unus

98 2381 214 2454 signam
238 2382 355 2443 virtutis
380 2383 552 2453 ostenderet,
577 2382 726 2444 Christum
748 2392 844 2443 amen
872 2384 956 2444 illum
998 2397 1043 2447 ιιι
1062 2389 1154 2460 euim,
1176 2403 1265 2461 quem
1290 2392 1506 2464 prauohihtant
1528 2395 1687 2470 singularis
1711 2398 1854 2472 primatus

99 2486 155 2530 osse
178 2470 278 2533 omnis
305 2472 431 2547 populus
455 2473 623 2545 estimaret,
647 2474 726 2533 Luca
754 2480 884 2544 ιιιιιιιιι,
907 2475 958 2550 qui
1000 2477 1139 2552 insignia,
1159 2477 1365 2539 clavicularius
1383 2484 1465 2556 regni
1484 2483 1636 2558 ooelornm,
1656 2486 1768 2561 lingna,
1783 2487 1853 2548 fidei
1874 2537 1877 2542 .

99 2562 163 2621 ait:
207 2562 429 2649 «Existimaute
453 2570 553 2624 autem
576 2566 691 2638 populo,
716 2572 744 2624 ιι
767 2565 959 2638 cogitantibus
1000 2567 1234 2628 tundamentum.
1255 2568 1480 2630 Consummatur
1495 2571 1587 2631 honor
1606 2581 1634 2633 ct
1648 2574 1776 2649 dignatio
1790 2576 1853 2651 glo-

98 2652 237 2712 omnihus
255 2653 286 2711 in
309 2653 444 2714 cordibus
471 2655 533 2714 suis
553 2654 591 2713 de
610 2653 731 2726 loanne,
745 2670 783 2713 ne
804 2656 876 2714 torte
897 2655 958 2728 ipse
999 2656 1087 2728 riosa,
1110 2658 1262 2717 homiuem
1280 2659 1311 2717 in
1332 2662 1415 2719 terris
1430 2661 1556 2733 positam
1571 2662 1652 2721 coelis
1674 2663 1852 2738 imperitare,

98 2750 167 2802 asset
194 2740 329 2802 Christus
350 2746 424 2816 (Lac.
447 2744 529 2816 tul.»
553 2743 625 2814 Quas
651 2744 731 2802 euim
752 2743 863 2818 religio,
889 2758 958 2818 quas
997 2752 1027 2805 ιι
1040 2747 1299 2820 interangetornm
1313 2749 1416 2808 choros
1429 2749 1594 2824 judiciariae
1606 2752 1753 2826 potestatis
1766 2766 1853 2811 eser·

98 2831 329 2908 perfectioque
341 2831 468 2906 denique
482 2832 587 2903 ιιιιιιι,
604 2832 683 2906 quod
694 2832 852 2891 sanctitatis
864 2846 958 2907 ειιιιιι
998 2836 1217 2896 cerevirtutem.
1226 2836 1312 2897 Sedet
1322 2837 1486 2898 dominator
1494 2839 1640 2899 murinus
1649 2839 1726 2900 inter
1734 2840 1853 2915 agmim

99 2921 240 2994 repetitam
271 2921 303 2980 in
341 2920 440 2996 aliquo
476 2929 653 2993 sauctorum,
680 2921 758 2994 quod
782 2921 813 2980 iu
846 2920 959 2981 Joauno
998 2925 1139 2985 lucidiore
1153 2926 1219 2986 luce
1237 2927 1389 3001 dulgentia,
1408 2933 1437 2987 et
1453 2927 1490 2985 de
1504 2928 1630 2987 Thmnis
1644 2928 1681 2987 ad
1694 2928 1854 2987 Cherubim

98 3015 178 3087 quasi
193 3013 396 3087 praerogativae
406 3014 559 3089 cujusdam
569 3028 628 3073 uon
639 3019 734 3072 teneat
743 3010 958 3086 principatum?
998 3015 1192 3088 transvolans,
1207 3016 1287 3075 vices
1302 3016 1488 3076 sessionarias
1504 3015 1684 3076 intermutat.
1704 3015 1853 3092 Quamob-

99 3099 168 3161 Sant
195 3101 344 3176 siquidem
366 3105 459 3163 sancti
484 3105 615 3162 eremitis
635 3109 663 3161 et
687 3102 880 3172 anachoreta,
907 3100 955 3160 ssd
966 3121 1061 3214 Grem
1079 3106 1250 3166 admiranda
1272 3107 1390 3182 quidem
1413 3107 1574 3166 sessionum
1600 3107 1730 3180 mutatio,
1751 3106 1852 3183 longe·

98 3191 160 3265 quis
173 3191 235 3252 sibi
254 3194 374 3253 avendi
386 3194 515 3268 rogatam
533 3194 564 3253 iu
577 3193 702 3252 silvestri
717 3192 814 3264 melle,
829 3199 858 3251 ιι
875 3192 957 3251 iuco-
998 3209 1056 3267 que
1071 3195 1193 3254 rationis
1212 3196 1351 3255 humana
1369 3196 1541 3271 superducta
1555 3194 1766 3269 conspectibus,
1784 3211 1853 3255 cum

97 3283 235 3342 monhili
259 3282 436 3344 locustarum
461 3301 524 3344 esca
546 3283 704 3357 prefixit?
729 3283 783 3342 Cui
809 3297 896 3357 porra
922 3282 957 3342 ad
999 3283 1086 3342 modo
1097 3283 1242 3355 Thronos,
1257 3284 1343 3343 modo
1355 3281 1515 3342 Cherubim
1528 3283 1668 3343 insedisse
1682 3282 1803 3357 legatur.
1818 3282 1854 3342 ut

98 3371 282 3445 ιιιιιίιιιιιιι
296 3374 424 3434 vestium
437 3389 495 3433 uon
511 3372 658 3433 sufficiant
674 3389 742 3448 saga
756 3372 844 3431 cilina
858 3387 957 3447 capra·
998 3372 1066 3431 licet
1088 3372 1224 3432 assistant
1239 3371 1335 3446 augeb
1355 3371 1539 3447 praesidentis
1565 3371 1722 3446 imperium
1747 3388 1853 3447 exspe-

99 3475 158 3519 mm
176 3471 190 3520 ι
211 3460 268 3520 istc
294 3462 416 3536 pellicea
437 3479 508 3523 rona
532 3461 713 3538 praecinctus,
735 3461 803 3538 pilis
823 3462 959 3521 induitur
999 3468 1118 3533 stantes,
1151 3470 1179 3522 ιι
1205 3462 1444 3521 administratorii
1472 3461 1592 3536 spiritus
1619 3459 1763 3536 assignata
1797 3461 1854 3520 sibi

98 3549 285 3608 camelorum.
317 3551 474 3611 Enimvero
501 3558 569 3611 suut
587 3552 679 3610 sancti
696 3550 958 3622 abrenuntiatores,
1000 3548 1165 3609 ministeria
1189 3549 1347 3609 sortiantur
1354 3568 1363 3620 3
1380 3548 1480 3610 nullus
1496 3553 1592 3607 mmeu
1618 3563 1720 3608 eorum
1744 3545 1855 3622 ligandi

98 3642 124 3694 ιι
144 3637 292 3697 wentam
317 3639 537 3715 relinquentem
562 3640 612 3698 sed
638 3639 702 3710 iste,
727 3639 848 3713 puerilis
865 3639 961 3700 adhuc
998 3648 1090 3716 atque
1114 3638 1246 3698 solvendi
1270 3638 1397 3713 possidet
1425 3643 1602 3711 potestatem.
1629 3636 1718 3696 Adest
1743 3636 1855 3711 Petrus,

97 3725 216 3796 indolis,
237 3743 303 3786 com
319 3729 445 3790 nedum
463 3729 610 3789 didicisset
630 3727 757 3788 civiliter
781 3728 890 3800 vivers,
907 3729 959 3787 de-
1000 3739 1028 3791 et
1055 3731 1089 3790 ad
1113 3730 1177 3805 ejus
1199 3729 1355 3789 arbitrium
1377 3728 1457 3788 orbis
1479 3727 1654 3788 universitas
1675 3728 1809 3800 solvitur,
1827 3733 1856 3787 ιι

98 3823 169 3876 sera
198 3813 365 3890 pedaneus,
392 3817 521 3877 deorum
548 3817 695 3877 solitarius
723 3817 875 3886 habitare3
906 3831 960 3876 uec
1002 3818 1130 3893 ligatur,
1152 3823 1181 3876 et
1198 3816 1336 3892 praecedit
1354 3816 1431 3876 Petri
1445 3814 1588 3876 sententia
1603 3816 1776 3875 seutentiam
1796 3815 1854 3875 Re·

97 3904 237 3980 dignatm
262 3914 305 3966 ιιι
320 3910 395 3982 patri
410 3908 443 3966 in
458 3907 626 3967 acerdotati
646 3907 958 3982 diguitatcsumedero,
1001 3906 1169 3981 demptoris,
1186 3907 1326 3982 quianon
1342 3904 1575 3981 quodChristus,
1590 3903 1854 3978 hocligatPetrus,

98 4001 129 4051 ut
150 4011 260 4056 verum
286 4013 496 4074 summumque
518 3999 651 4058 omnium
674 3999 850 4057 sacerdotem
869 3997 960 4056 libera
1000 3999 1051 4058 sed
1064 3998 1142 4072 quod
1154 3997 1265 4067 Petrus,
1274 3997 1329 4056 hoc
1341 3996 1409 4071 ligat
1419 3995 1560 4055 Christus.
1574 3995 1640 4067 lpso
1650 3994 1856 4070 idipsnmatte·

96 4088 240 4158 potuisset
274 4101 345 4146 voce
375 4087 542 4162 praedicare.
577 4087 728 4162 Prophetas
766 4087 960 4145 rationantur
999 4093 1122 4147 stante:
1147 4109 1158 4139 r
1179 4084 1388 4160 Quodcunque,
1405 4084 1512 4156 inquit,
1536 4083 1672 4158 ligaveris
1688 4099 1776 4159 super
1795 4089 1856 4143 teu

98 4175 234 4236 ioturum
266 4175 424 4236 salvatoris
451 4178 620 4245 adventum,
647 4176 778 4251 apostoli,
804 4176 958 4250 cutemque
1000 4193 1073 4249 ram,
1089 4177 1144 4236 erit
1156 4175 1280 4251 ligatum
1295 4182 1324 4234 et
1335 4176 1366 4235 ia
1380 4174 1461 4234 coelis
1477 4176 1585 4248 (ιιιιιι.
1601 4174 1702 4248 ιιι.»

96 4264 229 4325 doctores
252 4272 396 4325 testantm
420 4267 591 4342 impletum;
611 4266 738 4326 loannes
757 4273 855 4325 autem
872 4266 958 4326 illum
1036 4264 1059 4326 0
1086 4281 1174 4340 quam
1204 4270 1308 4339 potens
1333 4263 1468 4338 dignitas,
1492 4278 1580 4338 quam
1602 4262 1691 4338 digna
1710 4260 1856 4339 potentiat

98 4360 274 4425 praedam
301 4354 436 4424 ostendit,
465 4354 511 4413 cui
539 4354 627 4413 totius
651 4353 762 4423 saculi,
786 4359 814 4413 ot
843 4353 958 4429 antiqui
998 4353 1113 4414 iudicat
1134 4353 1246 4424 Petrus,
1261 4357 1290 4411 et
1311 4351 1387 4411 Petri
1403 4350 1514 4425 iudicia
1533 4351 1694 4410 contlrmot.
1713 4350 1857 4424 Omnipo-

95 4443 208 4502 scitioet
222 4449 251 4499 rt
264 4443 409 4514 moderni,
425 4442 590 4517 pmdicatio
604 4443 751 4502 militavit.
1001 4448 1073 4514 tens,
1087 4447 1115 4502 et
1126 4448 1169 4501 est
1183 4441 1214 4500 in
1228 4455 1318 4499 manu
1333 4438 1411 4497 Petri
1423 4453 1528 4496 manus
1540 4437 1702 4507 hltissimi;
1718 4438 1857 4511 solusque

129 4531 166 4590 Iu
188 4533 243 4590 hoc
262 4531 349 4590 etiam
364 4530 419 4589 iste
435 4533 583 4605 prophetis
597 4531 735 4591 omnibus
753 4510 1053 4606 supereminet,Dille
1066 4529 1192 4589 efficitur
1210 4526 1362 4587 lamiliaris
1380 4525 1496 4595 Christi,
1513 4525 1564 4602 qui
1582 4524 1656 4583 Petri
1671 4525 1856 4584 familiarita-

96 4620 297 4695 quoniamitli
310 4620 453 4695 Spiritum
463 4621 961 4696 muctnmperaetatumincrementa
1002 4624 1061 4678 tem
1087 4617 1229 4678 habuerit.
1253 4615 1330 4687 Quid
1353 4620 1396 4672 est
1418 4627 1488 4685 quo,
1516 4611 1685 4686 angelorum
1706 4620 1735 4670 et
1760 4611 1857 4670 homi·

96 4710 283 4784 suscipiuut;
301 4710 355 4768 iste
373 4724 442 4769 vero
464 4709 626 4768 visceribus
642 4709 739 4768 adhuc
757 4710 897 4767 maternis
914 4706 961 4764 in·
1003 4723 1078 4768 num
1093 4706 1260 4782 agminibus
1272 4702 1411 4775 exclusis,
1426 4702 1507 4761 solus
1523 4701 1669 4760 Petrus-in
1678 4702 1857 4761 consortium

95 4798 211 4868 doses,
233 4797 372 4857 virtutem
397 4796 534 4871 Spiritus,
557 4797 649 4871 gratia
670 4796 877 4871 preveniente,
891 4809 961 4854 con·
1002 4795 1114 4855 divinas
1127 4793 1295 4869 majestatis,
1304 4797 1406 4852 etcum
1418 4790 1542 4850 Domino
1555 4787 1859 4864 residetpraesidentet

94 4888 194 4961 cepit;
211 4892 239 4944 et
251 4886 503 4960 appropinquante
520 4886 610 4946 totius
627 4888 752 4946 Auctore
769 4885 888 4956 lautitia,
908 4884 961 4942 vix
1002 4884 1093 4946 Dulce
1122 4883 1313 4957 colloquium,
1345 4887 1444 4940 sancta
1474 4878 1670 4948 conversati03
1699 4877 1858 4937 conditum

95 4974 170 5035 dam
195 4975 312 5034 formati
331 4975 458 5048 corporis
487 4974 608 5034 nutibus
625 4975 794 5033 exsultavit.
814 4974 873 5034 ntrt
901 4966 963 5032 nou
1003 4973 1126 5049 speciale
1151 4972 1227 5032 Petri
1249 4977 1278 5031 et
1300 4971 1362 5040 Dei,
1383 4969 1435 5029 ubi
1460 4974 1636 5028 secretomm
1660 4965 1858 5026 inhaereatis

94 5065 323 5140 coinquinantes
355 5064 526 5123 vestimenta
552 5079 605 5121 sna
633 5062 762 5135 virgines
793 5077 961 5137 permanse-
1004 5061 1158 5123 mortalem
1172 5061 1318 5120 hominem
1334 5057 1521 5133 Deocopulat
1537 5061 1565 5115 ιι
1582 5054 1691 5115 counit.
1710 5054 1775 5114 Nou
1789 5068 1859 5129 ergo

95 5161 188 5222 runt;
213 5153 261 5212 hic
285 5158 396 5222 autem,
417 5161 570 5212 atomuos
592 5152 624 5211 in
645 5151 792 5211 secernis
813 5151 963 5210 illecebras
1005 5151 1116 5210 mirum
1138 5147 1165 5207 si
1188 5146 1467 5206 ardentioreatiectu
1492 5142 1587 5217 diligit
1610 5142 1789 5204 salvatam
1803 5140 1858 5200 Pe·

94 5245 222 5320 abipsa
252 5244 387 5305 tuumtus
414 5244 510 5304 radice
536 5242 714 5319 presideret,
741 5247 770 5302 et
792 5259 851 5302 uon
876 5242 963 5302 modo
1003 5246 1067 5299 hus
1088 5237 1245 5314 apostolus,
1264 5250 1331 5294 cum
1354 5231 1510 5307 singularis
1529 5246 1612 5291 amor
1631 5231 1747 5291 retusus
1764 5228 1804 5288 sit
1828 5229 1860 5288 in

94 5333 241 5406 genitalia
269 5334 410 5405 membra,
437 5332 486 5392 sed
512 5317 648 5392 et'aures
673 5338 701 5390 ιι
721 5331 820 5390 oculos
842 5330 873 5388 iu
894 5346 962 5389 ver·
1004 5344 1083 5401 eum,
1099 5335 1133 5387 ut
1151 5333 1178 5386 et
1197 5323 1384 5399 singulariter
1397 5321 1510 5396 diligat,
1526 5326 1555 5380 et
1572 5320 1734 5396 specialiter
1754 5317 1860 5393 diliga-

93 5421 203 5479 osntis
229 5436 264 5480 ac
291 5419 403 5480 ttoridaa
427 5421 603 5496 virginitatis
626 5418 804 5480 indeficienti
830 5417 963 5477 viredine
1005 5423 1062 5477 tur.
1084 5415 1192 5475 Animo
1204 5413 1268 5488 ejus
1281 5426 1340 5471 una
1358 5416 1402 5469 ast
1411 5411 1449 5468 de
1465 5407 1689 5469 adolescentulis
1701 5421 1769 5484 quas
1784 5407 1859 5467 dile·

94 5510 276 5586 custodiret,
302 5512 525 5573 cohabitationis
550 5513 689 5572 humana
706 5509 895 5572 contubernia
916 5524 964 5568 re·
1004 5511 1113 5565 xerunt
1126 5517 1194 5563 orm
1208 5501 1307 5561 airum.
1323 5497 1449 5560 Puerilir
1460 5505 1530 5558 atas
1544 5497 1778 5557 nondumamon'
1787 5511 1859 5556 oon·

98 5600 204 5675 spuit,
226 5608 256 5660 et
277 5616 339 5676 prm
368 5601 483 5662 terrore
509 5600 628 5676 spiritus
652 5601 781 5660 terarum
803 5613 836 5658 se
865 5595 964 5657 laeuis
1004 5589 1310 5669 samosatensis
1327 5586 1708 5663 manumissorem
1727 5587 1861 5649 mudum
