4100 6209
123 314 177 374 757
879 317 1002 379 SERMO
1020 317 1124 380 XLVI.
1831 317 1885 377 tas

123 438 210 498 rexit.
224 436 302 495 liene
325 441 423 496 autem
443 437 559 510 dicitur,
579 464 593 489 «
612 446 639 498 et
658 439 694 498 de
710 440 848 515 gentihus
863 457 921 500 non
940 441 1114 514 esthrarils
1133 457 1224 502 sacrae
1247 442 1404 518 Scriptura
1427 439 1586 511 sententiis,
1606 439 1686 499 velut
1712 456 1749 498 ex
1766 440 1889 500 diversis

124 528 171 586 nir
185 540 311 597 mecum,
327 526 426 600 aquia
438 527 470 596 ii,
487 544 538 602 pro
559 529 668 605 quihus
688 531 746 605 pati
767 538 895 603 venerat,
917 548 982 607 pas·
1023 545 1149 591 uvarum
1189 530 1329 592 folliculis
1363 529 1554 606 exprimatur.
1587 527 1689 588 Merito
1722 529 1887 589 autumnali

122 614 215 674 sionis
242 614 307 690 ejus
331 629 394 674 esse
418 616 570 690 participes
595 618 747 679 dehebant.
768 619 824 691 Qui
852 636 903 695 pro
937 635 982 691 eo,
1024 623 1153 694 tempore
1176 620 1315 691 nascitur,
1337 627 1371 679 nt
1391 619 1467 694 J'am,
1491 618 1571 677 velut
1590 617 1620 676 in
1639 624 1781 678 autumno
1800 619 1888 678 totius

45 783 52 790 ⁹
123 704 202 780 quod
223 704 347 764 nemum
364 704 557 778 crediderant,
572 708 608 767 dc
634 708 704 783 ipsis
721 710 752 770 in
772 709 982 769 resurrectione
1023 709 1124 769 saeculi
1150 711 1262 768 tructus
1282 707 1480 783 spiritualium
1499 707 1636 766 arbomm
1655 708 1831 769 comedatur.
1851 707 1887 767 ln
1924 695 1928 720 ¹

122 792 321 867 conqueritur,
339 808 464 865 quorum
480 795 539 854 nita
552 796 583 855 in
598 797 661 872 ejus
679 805 770 856 morte
787 799 980 871 querebatur.
1022 796 1206 871 plenitudiue
1229 798 1365 871 temporis
1387 797 1477 868 venit,
1498 811 1565 871 quse
1590 796 1680 869 grana
1698 796 1784 870 plena
1806 799 1884 857 luit:

123 883 189 957 lpse
212 881 300 941 etiarn
327 882 395 941 vitis
418 882 532 955 dicitur,
562 886 637 946 sicut
664 888 923 960 persemetipsum
948 887 981 945 in
1023 908 1035 939 ι
1056 890 1128 957 Ave,
1152 911 1163 940 ι
1180 886 1423 964 inquitangelus,
1442 886 1560 960 «gratia
1575 887 1670 960 plena,
1682 886 1823 946 Dominus
1842 895 1884 945 tc-

122 972 283 1045 Ilnangelio
298 978 441 1032 testatur:
463 974 565 1048 «Ego,
590 976 700 1052 inquit,
721 994 786 1038 sum
813 979 881 1038 ritis
902 993 981 1049 vera,
1019 991 1098 1048 cum,
1115 976 1263 1035 benedicta
1285 982 1316 1034 tu
1336 976 1366 1033 in
1390 974 1561 1034 mulieribus
1574 978 1650 1041 (Lac.
1666 981 1699 1041 1).
1717 995 1731 1026 ε

122 1065 151 1118 et
167 1059 346 1118 Patermeus
356 1059 481 1134 agricola
495 1067 537 1120 est
553 1065 642 1130 (loun.
658 1069 722 1136 xv).
738 1085 753 1118 n
1057 1061 1219 1135 Odulce‚o
1238 1062 1410 1121 admirabile
1425 1062 1574 1130 nuntium,
1590 1078 1608 1122 o
1625 1076 1735 1121 norum
1747 1067 1775 1120 et
1794 1062 1881 1123 inau-

157 1148 232 1207 Haeo
256 1148 382 1222 denique
401 1149 593 1210 sacratissima
608 1152 676 1211 ritis
699 1159 790 1212 totum
810 1168 861 1228 per
881 1152 981 1211 orbem
1020 1150 1114 1210 ditum
1128 1151 1269 1227 angelicae
1284 1151 1467 1210 salutationis
1485 1150 1677 1225 obsequium!
1700 1149 1820 1210 Plenam
1839 1166 1887 1224 ap

122 1233 198 1293 289
220 1245 366 1298 sarmenta
395 1239 615 1315 tetenditque
642 1243 752 1320 ubique
775 1243 892 1301 dilatata
918 1242 979 1301 lru·
1019 1243 1108 1317 pellat
1131 1244 1231 1317 gratia,
1263 1244 1331 1320 quia
1360 1244 1422 1318 ipse
1452 1244 1482 1302 in
1510 1259 1572 1302 eam
1602 1240 1803 1312 descendebat,
1833 1256 1889 1315 per

121 1325 273 1398 etidcaus,
289 1326 374 1400 quasi
398 1332 438 1386 lot
461 1328 594 1402 palmites
616 1330 707 1401 misit,
729 1331 893 1405 quotintra
912 1346 980 1389 san·
1020 1347 1107 1406 quem
1129 1333 1210 1392 omni
1235 1333 1345 1392 mundo
1370 1332 1471 1392 collata
1496 1339 1540 1392 est
1561 1332 1662 1406 gratia.
1685 1353 1697 1384 c
1725 1330 1879 1392 Dominus,

120 1422 199 1475 ctam
222 1415 379 1476 Ecclesiam
399 1424 512 1476 moetos
535 1434 586 1492 per
604 1420 726 1493 gratiam
741 1436 804 1479 suaa
822 1420 982 1479 vocationis
1019 1417 1126 1496 inquit,
1147 1429 1261 1492 tecum;
1288 1423 1388 1498 »quia
1403 1423 1454 1482 ille
1470 1422 1501 1480 iu
1526 1430 1553 1480 te
1572 1428 1625 1491 est,
1642 1422 1693 1496 qui
1716 1421 1802 1479 talem
1818 1420 1886 1478 tecit

122 1503 221 1576 elegit.
246 1503 330 1564 Unde
354 1505 432 1564 idem
457 1521 575 1581 quoque
597 1507 769 1571 inculcando
802 1509 978 1584 subjungit:
1020 1519 1058 1584 te,
1076 1520 1109 1571 ut
1133 1520 1160 1571 et
1181 1513 1243 1588 ipse
1262 1516 1343 1574 lieret
1363 1530 1400 1572 en
1424 1509 1498 1568 240
1525 1517 1561 1570 te.
1582 1532 1597 1564 e
1617 1507 1770 1569 Benedicta
1797 1517 1828 1569 tu
1851 1509 1883 1568 in

123 1594 217 1669 «ligo
241 1610 323 1668 sum,
337 1595 452 1671 inquit,
472 1597 555 1671 ritis,
572 1615 624 1658 ros
645 1606 742 1659 autem
761 1600 912 1674 palmitem
929 1601 979 1676 qui
1020 1602 1206 1664 mulieribus.
1229 1628 1242 1654 ·
1268 1603 1322 1662 Per
1347 1601 1503 1661 mulierem
1529 1601 1628 1659 intusa
1651 1605 1695 1657 est
1719 1597 1882 1657 maledictio

122 1689 222 1742 manet
235 1684 267 1743 in
280 1700 345 1757 me,
358 1693 387 1745 et
398 1701 452 1760 ego
464 1685 495 1743 in
514 1702 559 1760 eo,
571 1687 620 1746 hic
634 1688 689 1746 lert
707 1688 833 1748 fructum
853 1688 980 1748 multum
1020 1697 1117 1761 terrae,
1133 1707 1184 1766 per
1212 1692 1365 1752 mulierem
1393 1688 1524 1749 redditur
1540 1687 1701 1746 benedictio
1715 1693 1809 1744 terras.
1826 1685 1880 1744 Per

121 1773 224 1845 (ibid).
244 1794 256 1822 ι
274 1771 362 1832 Hunc
390 1773 526 1833 eumdem
547 1775 733 1835 mediatorem
757 1777 809 1836 Dei
833 1783 861 1836 et
884 1778 1107 1853 homi-Bcujus
1130 1795 1250 1840 manum
1273 1786 1357 1853 potus
1383 1778 1484 1837 mortis
1508 1791 1615 1835 amares
1639 1774 1812 1850 porrigitur,
1829 1788 1880 1847 per

121 1875 209 1930 num,
223 1860 371 1920 hominem
387 1861 533 1922 Christum
548 1862 660 1936 lesum,
676 1864 775 1924 hohas
790 1864 841 1924 ille
855 1865 986 1940 signare·
1024 1885 1090 1929 mm
1112 1885 1229 1945 quoque
1251 1867 1345 1929 dulcis
1367 1865 1434 1926 ritae
1456 1864 1597 1941 poculum
1618 1864 1785 1924 exhibetur.
1811 1863 1882 1922 Lar·

121 1956 178 2021 rat,
206 1964 296 2024 quem
327 1950 364 2010 de
400 1959 474 2011 terra
511 1952 745 2026 repromissionis
785 1955 983 2029 exploratores
1023 1959 1179 2033 &ssimum
1195 1956 1403 2017 benedictionis
1417 1970 1502 2014 norea
1516 1955 1660 2014 tluentum
1679 1958 1770 2012 totum
1787 1952 1883 2010 deter-

120 2041 154 2098 in
174 2039 318 2115 phalanga
336 2042 372 2100 ad
392 2040 468 2100 illios
487 2042 576 2101 lsrael
600 2042 767 2102 deferebant
784 2048 878 2112 (Num.
903 2052 981 2115 atri).
1023 2047 1071 2116 sit,
1085 2046 1296 2106 maledictionis
1320 2044 1449 2119 antiqua
1468 2043 1645 2116 coaugmm.
1670 2040 1725 2100 Sed
1749 2040 1820 2114 quid
1843 2038 1880 2097 ad

121 2128 243 2188 Duobus
265 2135 361 2189 autem
380 2132 567 2205 portitoribus
593 2133 662 2193 hinc
678 2133 747 2192 iudo
760 2135 924 2210 suppositis,
939 2135 981 2193 al·
1022 2135 1087 2193 haec
1112 2133 1222 2195 Maria?
1248 2133 1388 2209 Nunquid
1415 2132 1508 2191 delato
1540 2130 1595 2189 sibi
1621 2129 1736 2189 coelitus
1765 2127 1880 2197 nuntio,

122 2225 185 2277 tero
208 2217 346 2278 videlicet
367 2221 560 2294 precedente,
585 2223 676 2282 altero
698 2223 908 2298 subsequente,
928 2225 981 2284 ho·
1023 2223 1055 2282 in
1078 2225 1276 2284 immodemtae
1300 2239 1331 2283 se
1360 2223 1469 2282 laetitiae
1492 2221 1583 2280 risum
1607 2219 1717 2279 solrit‘l
1739 2218 1879 2292 Nunquid

123 2314 186 2367 trus
210 2308 242 2367 in
268 2308 363 2368 medio
393 2309 549 2383 terebatur,
577 2312 646 2386 quia
673 2312 848 2386 Redemptor
873 2321 979 2385 noster,
1022 2312 1054 2372 in
1078 2314 1223 2389 superbiae
1249 2315 1355 2373 fastum
1379 2313 1520 2372 cervicem
1547 2311 1653 2369 mentis
1669 2307 1881 2369 crexithun·

122 2395 194 2455 dnm
217 2398 385 2470 epatrihus
413 2397 524 2460 Veteris
549 2401 723 2460 Testamenti
751 2409 896 2462 venturus
917 2419 980 2463 esse
1021 2401 1092 2475 quid
1121 2417 1191 2470 non,
1216 2412 1373 2475 antequam
1405 2398 1599 2474 responderet,
1622 2399 1719 2473 ipsum
1740 2396 1879 2472 angelicas

123 2485 335 2559 praedicimus
355 2486 427 2547 Novi
448 2503 514 2547 vero
533 2490 771 2564 predicatoribus
786 2491 845 2564 iam
865 2492 980 2552 venisse
1021 2490 1203 2550 salutationis
1225 2491 1340 2565 pondus
1361 2489 1463 2549 librata
1485 2489 1591 2547 mentis
1613 2486 1694 2546 lance
1719 2485 1879 2560 pensavit?

123 2575 290 2646 nuntiatur,
306 2578 389 2651 quasi
414 2579 514 2638 botrus
534 2580 564 2637 in
581 2579 724 2654 phalanga
737 2580 875 2653 defertur,
893 2587 925 2642 ut
943 2581 979 2641 ad
1021 2577 1071 2636 hit
1091 2579 1171 2637 enim
1190 2579 1391 2652 evangelista:
1411 2600 1422 2626 ι
1441 2575 1594 2646 Quacum
1614 2575 1750 2644 audisset,
1767 2574 1879 2633 turbata

120 2664 326 2736 capessendam
352 2680 486 2739 supernas
516 2668 746 2741 repromissionis
770 2675 873 2727 terram
898 2683 980 2729 meus
1021 2672 1063 2723 est
1088 2665 1120 2724 in
1146 2682 1281 2726 sermone
1305 2667 1378 2739 ejus,
1399 2672 1427 2722 et
1450 2664 1592 2738 cogitabat
1613 2662 1708 2736 qualis
1733 2670 1807 2720 esset
1823 2660 1879 2720 ista

117 2753 256 2812 lidelium
277 2755 459 2815 accendatur.
475 2757 622 2830 Phalanna
637 2759 743 2832 quippe
762 2758 855 2817 delata
873 2760 978 2818 hume·
1022 2753 1158 2813 saluntio
1177 2758 1254 2821 (huc.
1272 2759 1303 2823 ¹)-
1321 2775 1335 2808 s
1355 2753 1410 2812 Ubi
1434 2758 1504 2811 Sllssl
1522 2752 1594 2824 illae,
1609 2745 1676 2825 quae
1694 2750 1805 2821 dieunt,
1825 2764 1879 2824 ⁹8⁰

119 2842 161 2901 ris
190 2843 374 2917 portitorum,
388 2845 488 2904 divina
516 2846 565 2905 lex
594 2854 637 2905 cst
660 2845 794 2922 imposita
817 2848 979 2907 cervicibus
1020 2857 1087 2902 sum
1113 2843 1204 2916 virgo,
1225 2859 1277 2918 ego
1294 2860 1359 2904 sum
1379 2842 1485 2917 virgo?
1504 2841 1659 2913 Verbosae,
1682 2839 1878 2912 contentiosae,

118 2931 285 2992 hominum.
316 2931 405 3007 Gaius
434 2944 528 3007 partes
547 2936 647 2996 botrus
672 2936 723 2995 ille
750 2935 864 2995 medius
886 2936 979 2996 conti·
1020 2939 1225 3005 suspectuosae,
1241 2933 1439 3007 superllunsae,
1456 2938 1534 2990 veste
1551 2930 1728 3003 compositae,
1746 2928 1878 2987 moribus

117 3021 234 3090 nnavit,
244 3021 314 3095 quia
330 3022 577 3093 Salvatornoster.
589 3025 640 3100 qui
655 3025 720 3085 lecit
734 3034 857 3102 utraque
871 3044 977 3100 unum,
1019 3020 1191 3094 dissipatae?
1218 3022 1277 3096 Ego
1303 3035 1370 3081 sum
1395 3022 1497 3094 nirg03
1527 3020 1624 3078 nescio
1651 3019 1730 3077 enim
1765 3019 1875 3088 virum,

116 3122 187 3165 cum
206 3109 372 3184 evangelica
387 3113 516 3172 doctrina
536 3114 607 3188 legis
625 3123 654 3174 et
673 3116 877 3190 prophetarum
895 3110 1123 3209 man-uignoro
1148 3110 1329 3185 conjuginm.
1353 3108 1376 3169 Ο
1402 3110 1493 3183 virgo,
1523 3123 1612 3183 quam
1640 3107 1712 3166 tella
1739 3121 1827 3176 essee,
1850 3105 1876 3162 si

115 3195 185 3255 data
204 3198 368 3272 conjunxit.
386 3199 443 3259 Sed
456 3201 510 3274 qui
531 3203 720 3275 precedebat,
746 3204 822 3278 quod
849 3205 979 3264 humeris
1019 3199 1096 3272 quod
1116 3198 1206 3257 hahes
1223 3199 1255 3256 in
1273 3214 1370 3264 carne,
1399 3212 1530 3258 servares
1549 3200 1578 3254 in
1596 3201 1703 3267 mente,
1718 3194 1878 3254 custodires

115 3285 260 3358 portabat,
274 3288 367 3349 oculis
387 3305 445 3350 non
464 3290 596 3358 videbat;
611 3292 663 3367 qui
678 3298 776 3353 aulem
793 3294 977 3369 sequebatur,
1018 3285 1048 3345 iu
1072 3287 1200 3346 actione!
1224 3285 1299 3357 Quid
1327 3288 1405 3346 enim
1431 3288 1554 3360 prodest,
1573 3286 1663 3345 solius
1680 3284 1776 3344 carnis
1798 3282 1876 3340 inte·

114 3385 193 3433 onus
207 3390 295 3434 suum
318 3393 433 3452 semper
455 3379 633 3440 intuebatur.
653 3380 813 3440 Perillam
832 3384 976 3458 ergo,qui
1017 3378 1149 3453 gnitatem
1176 3396 1311 3450 servare,
1328 3385 1356 3437 et
1377 3380 1570 3451 malignorum
1588 3377 1744 3453 spirituum
1768 3372 1876 3447 stupris

116 3464 308 3539 praecedebat,
328 3468 652 3541 populusludaeorum;
669 3468 817 3543 perillum
832 3486 911 3540 vero,
925 3473 976 3547 qui
1017 3468 1124 3526 mentis
1144 3467 1284 3529 interiora
1306 3466 1516 3541 corrumpere?
1534 3466 1609 3538 Quid
1628 3467 1711 3540 iurat
1729 3462 1873 3535 virginem

115 3553 306 3628 sequebatur,
341 3572 398 3616 non
430 3557 591 3631 incongrue
621 3558 791 3632 designatur
820 3560 976 3621 multitudo
1016 3573 1089 3630 esse,
1111 3565 1139 3618 et
1162 3557 1350 3632 exigentibus
1378 3557 1527 3618 actionum
1554 3555 1665 3614 meritis
1690 3565 1873 3628 nequaquam

114 3641 263 3714 gentium.
288 3642 341 3701 llle
368 3644 446 3703 enim
478 3660 527 3718 per
558 3661 649 3705 sacrm
673 3644 829 3720 Scriptura
855 3649 975 3723 paginas
1015 3648 1053 3708 ad
1084 3647 1258 3722 virginalem
1282 3647 1441 3722 praemium
1464 3642 1639 3720 pervenire?
1663 3643 1750 3716 Virgo
1776 3653 1872 3707 carne,

112 3731 201 3805 quasi
221 3730 251 3788 in
270 3731 402 3793 humeris
422 3733 568 3794 Christum
589 3738 732 3809 portarit;
746 3735 793 3794 sed
814 3737 883 3811 quia
898 3753 975 3811 prae-
1015 3754 1073 3799 non
1098 3740 1209 3810 animo,
1233 3738 1408 3812 virginitatis
1427 3736 1548 3812 praemio
1567 3751 1625 3795 non
1645 3735 1763 3808 potitur.
1783 3728 1873 3790 Aliud

112 3825 237 3877 ⁸³⁰oeOE
250 3818 281 3878 in
302 3836 399 3891 came,
413 3822 589 3898 impediente
614 3822 795 3882 infidelitatis
818 3840 881 3884 suae
902 3825 974 3884 cali-
1014 3828 1122 3904 quippe
1144 3834 1188 3887 est
1210 3827 1402 3887 tentationum
1423 3826 1534 3886 lortiler
1553 3824 1697 3882 illecebris
1721 3817 1872 3889 contraire,

112 3907 201 3980 gine,
232 3921 292 3967 nou
323 3909 475 3984 cognorit,
500 3910 619 3970 dorsum
653 3910 680 3969 ei
697 3911 908 3984 quodammodo
942 3913 971 3972 in
1014 3915 1094 3975 aliud
1113 3915 1221 3975 eisdem
1239 3914 1344 3974 blande
1364 3914 1567 3990 irrepentibus,
1581 3922 1609 3973 et
1627 3913 1651 3972 si
1668 3928 1724 3972 non
1743 3925 1872 3984 corpore,
1930 3945 1933 3948 ,

110 3995 218 4056 ranem
236 3996 327 4055 misit.
353 3996 410 4057 lete
428 4013 507 4070 nero,
525 4000 577 4072 qui
599 3999 741 4073 sequitur,
762 3999 883 4073 aspicit;
902 4004 973 4076 quia
1014 4012 1112 4064 mente
1126 4011 1222 4063 umen
1234 4006 1379 4063 enerviter
1390 4004 1499 4063 cedere.

110 4085 234 4157 gentilis
255 4086 383 4160 populus
397 4087 618 4163 Redemptorern
635 4103 732 4160 suum,
751 4089 783 4147 iu
800 4105 886 4163 quem
900 4091 972 4150 dde-
1050 4093 1114 4153 Non
1137 4109 1205 4166 eruo
1223 4094 1358 4168 cuiquam
1378 4092 1486 4152 sullicit
1503 4091 1539 4150 ad
1556 4089 1729 4166 capessenda
1752 4089 1872 4164 praemia

110 4174 180 4234 liter
194 4175 296 4245 credit.
310 4177 464 4236 manifeste
476 4178 628 4251 cognoscit·
1012 4183 1092 4242 solus
1103 4182 1196 4257 pudor
1208 4182 1369 4255 virgineus,
1386 4182 1440 4241 nisi
1455 4188 1483 4240 et
1497 4180 1563 4240 aliis
1579 4181 1666 4239 luerit
1683 4179 1791 4238 ditatus
1810 4177 1872 4236 rir-

148 4262 247 4322 Potest
272 4265 360 4324 ctiam
384 4281 435 4339 per
452 4265 685 4340 repromissionis
704 4269 808 4324 terram
835 4282 893 4325 non
923 4267 970 4327 in·
1012 4271 1133 4331 tutibus.
1159 4271 1263 4331 Joanni
1284 4272 1392 4345 quippe
1413 4271 1442 4330 in
1467 4270 1640 4346 Apocalypsi
1660 4285 1709 4344 per
1731 4266 1871 4341 angelum

110 4367 245 4426 congrue
267 4355 363 4428 ipsum
390 4355 565 4416 beatissimae
602 4357 654 4416 Dei
684 4358 838 4418 Genitricis
865 4365 970 4433 corpus
1010 4357 1141 4417 dicitur:
1158 4356 1225 4415 «lli
1248 4365 1327 4430 sunt,
1346 4357 1398 4430 qui
1421 4372 1488 4415 cum
1514 4356 1689 4416 mulieribus
1717 4369 1776 4413 non
1801 4361 1872 4411 sunt

111 4443 305 4516 intelligisne
328 4462 387 4520 quo
409 4446 582 4521 Redemptor
604 4452 701 4505 noster
716 4447 795 4507 velut
812 4447 970 4522 singularis
1011 4445 1200 4518 coinquinati.
1210 4444 1345 4518 Virgines
1355 4445 1434 4503 enim
1445 4449 1522 4512 sunt,
1535 4452 1563 4502 et
1577 4451 1742 4519 sequuntur
1753 4445 1871 4515 rignum

108 4532 319 4594 hotrusrolnit
331 4537 500 4596 humanitus
514 4536 781 4610 germinariluata
796 4537 879 4608 illud,
892 4540 966 4612 quod
1013 4548 1199 4609 quocumque
1227 4531 1292 4590 ierit
1316 4535 1413 4605 (apoc.
1428 4537 1502 4600 xiv).
1523 4534 1653 4606 »Agnus
1670 4529 1749 4588 enim
1767 4535 1870 4597 noster,

108 4622 255 4695 seriptum
283 4631 327 4682 est
352 4644 359 4683 :
389 4647 400 4677 ι
427 4623 540 4685 Veritas
567 4625 603 4684 de
629 4631 704 4684 terra
729 4631 790 4683 orta
814 4631 857 4684 est
883 4629 970 4695 (Paul.
1012 4624 1064 4683 ille
1090 4623 1233 4691 videlicet,
1253 4621 1303 4695 qui
1328 4619 1400 4679 tollit
1417 4627 1538 4694 ‚peccata
1565 4619 1678 4692 mundi,
1701 4619 1870 4678 charitatem

108 4717 292 4780 musivis
317 4711 351 4771 Et
379 4713 453 4773 hene
470 4728 537 4772 caro
555 4712 731 4773 heanssimae
751 4713 879 4787 Virginis
899 4721 973 4773 tarra
1014 4712 1125 4782 habuit,
1141 4711 1210 4785 quia
1229 4725 1280 4783 pru
1299 4709 1392 4768 salute
1408 4709 1564 4769 hominum
1582 4709 1731 4784 proprium
1752 4708 1871 4780 sangui·

105 4798 349 4870 repromissionis
370 4808 414 4859 est
438 4800 523 4868 dicht,
552 4815 619 4874 quae
647 4800 730 4875 longe
753 4806 820 4860 ante
845 4802 973 4877 paritura
1013 4816 1081 4860 nem
1110 4799 1184 4858 ludit
1211 4798 1310 4858 Gmtia
1336 4798 1510 4858 humilitatis
1529 4797 1658 4869 emicuit,
1675 4797 1743 4871 quia
1774 4794 1872 4854 burni-

107 4884 293 4946 Salratorem
320 4888 451 4948 mundia
471 4887 616 4962 prophetis
634 4887 823 4947 multifariam
842 4897 886 4948 est
905 4905 972 4964 pro·
1014 4891 1096 4951 liavit
1113 4889 1300 4964 semetipsum
1319 4905 1412 4964 usque
1431 4890 1467 4948 ad
1487 4896 1620 4959 mortem,
1637 4895 1757 4948 mortem
1773 4891 1872 4944 autem

105 4978 214 5034 missa.
232 4975 303 5046 Quas
324 4992 393 5035 vere
413 4976 458 5035 lac
476 4984 504 5035 et
526 4978 580 5036 mel
607 4977 750 5047 manuel;
773 4978 844 5037 dum
868 4979 971 5050 hrum,
1013 4981 1118 5041 crucis.
1142 4979 1314 5039 Patientiam
1342 4978 1479 5048 servavit,
1496 4978 1566 5054 quia
1589 4992 1656 5036 cum
1686 4974 1876 5033 maledicere.

104 5070 140 5123 et
168 5064 317 5126 hominem
343 5067 513 5127 intemerata
538 5067 702 5140 virginitate
727 5069 863 5141 proludit.
891 5068 973 5128 Unde
1015 5076 1072 5136 tur,
1092 5083 1149 5127 non
1172 5066 1379 5134 maledicebat3
1405 5081 1472 5124 cum
1497 5071 1653 5140 pateretur,
1678 5080 1734 5121 non
1754 5062 1874 5121 commi-

102 5164 138 5214 et
162 5171 215 5229 per
233 5155 338 5216 lsaiatn
360 5158 485 5218 dicitur:
504 5182 518 5210 c
539 5159 611 5217 Ecce
631 5157 712 5232 virgo
729 5159 761 5218 in
780 5166 862 5220 utero
875 5161 972 5220 conci-
1015 5158 1149 5216 nabetur.
1183 5155 1339 5214 Mandanes
1367 5154 1516 5228 dignitatis
1541 5153 1725 5212 altitudinem
1754 5150 1873 5225 sprevit.

101 5246 182 5321 piet,
203 5251 232 5302 et
252 5247 344 5319 pariet
362 5246 468 5320 lilium,
486 5253 514 5307 et
532 5250 680 5308 vocabitur
701 5265 808 5309 nomen
828 5251 891 5323 ejus
910 5249 974 5308 Em·
1014 5245 1093 5321 nuta,
1109 5245 1186 5305 sicut
1210 5260 1262 5319 per
1286 5245 1426 5304 loannem
1448 5243 1564 5313 dicitur,
1580 5258 1646 5301 cunr
1668 5240 1874 5299 rotlentillum

102 5333 251 5404 manuel;
275 5334 411 5411 butyrum
432 5337 537 5396 etmel
565 5337 704 5407 comedet,
726 5344 758 5397 ut
781 5338 852 5396 sciat
876 5354 973 5413 repm-
1015 5351 1111 5410 regem
1125 5334 1310 5402 constituere,
1327 5332 1434 5390 montis
1449 5331 1603 5391 latibulum
1621 5330 1806 5404 periitltoan.
1819 5333 1872 5397 vr).

99 5427 181 5487 hare
205 5426 314 5486 malum
337 5433 365 5485 ct
388 5428 494 5503 eligere
512 5429 620 5488 mnam
653 5431 725 5500 (lsai.
750 5433 812 5490 ntrl.
834 5454 847 5478 a
873 5428 973 5487 llerito
1015 5427 1153 5486 inimicos
1179 5425 1294 5491 dilexit,
1324 5439 1375 5497 pro
1400 5423 1508 5499 quihus
1534 5429 1563 5481 et
1588 5423 1617 5480 in
1648 5437 1733 5480 crure
1763 5418 1873 5495 positus

100 5532 180 5590 ergo
201 5518 284 5576 beata
306 5517 493 5591 urgebunt
511 5517 566 5578 sub
588 5518 649 5591 ipso
666 5516 878 5576 vindemiarum
899 5524 973 5576 mm·
1015 5517 1159 5584 exoravit,
1174 5515 1274 5574 dicens
1289 5534 1295 5573 :
1312 5538 1322 5566 ι
1340 5514 1432 5584 Pater,
1448 5512 1564 5585 ignosce
1578 5512 1727 5588 iltis,quia
1741 5512 1875 5572 nesciunt

98 5622 181 5686 pore
202 5607 344 5678 nascitur,
361 5614 393 5666 ut
415 5607 475 5682 iam
496 5623 580 5667 norm
601 5607 702 5682 gratiae
722 5615 853 5666 mustum
877 5606 917 5666 sic
936 5622 973 5664 ex
1016 5607 1086 5681 quid
1110 5605 1222 5666 faciunt
1249 5607 1322 5678 (huc.
1336 5605 1431 5674 xxrtrl.
1450 5626 1463 5656 a
1480 5603 1530 5662 llle
1554 5605 1650 5688 itaque
1669 5606 1786 5676 agnum
1801 5615 1874 5674 quo-
