4100 6209
137 241 189 303 tto
284 287 286 296 .
442 239 472 303 S.
491 244 603 305 PETRI
622 245 784 306 DAMIANI
803 245 883 307 OPP.
904 244 1000 320 Paos
1019 245 1091 307 SEU
1110 244 1235 307 TOMUS
1252 246 1292 306 Π.
1311 277 1347 292 -
1367 246 1576 311 subuectus
1835 252 1891 314 660

136 366 302 442 principum
325 367 511 444 ingerebatur
534 385 619 444 poena
643 375 803 443 tortorum;
826 371 877 430 hic
895 370 1142 444 autemlloendit,
1172 372 1393 448 supereminens
1427 374 1584 448 premium
1621 373 1657 433 da
1691 390 1783 435 mauu
1817 376 1892 452 insti

136 456 169 516 in
182 456 268 517 domo
280 458 389 534 proprii
404 460 480 536 juris
499 459 684 520 invisibiliter
699 462 897 536 torquebatur,
913 460 995 520 velut
1035 461 1262 521 remuneratoris
1285 460 1402 537 accepit.
1424 462 1489 537 lpse
1513 464 1621 538 qmppe
1646 463 1738 524 lactus
1752 467 1797 524 est
1813 480 1892 539 prae-

136 544 167 603 in
195 560 261 605 area
288 547 453 607 tribunalis.
475 547 538 606 lllls
565 547 659 608 luerat
685 565 770 623 poena
796 549 990 624 supplicium;
1035 550 1129 610 mium
1158 550 1367 625 retributionis,
1397 553 1450 627 qui
1475 553 1533 613 sihi
1563 553 1658 613 iuerat
1686 569 1773 613 causa
1798 562 1892 616 certa·

136 634 207 694 hnic
233 635 392 695 econtrario
418 636 617 695 blandimenta
647 644 834 698 tormentum.
868 638 994 697 Lazarus
1036 639 1135 710 minis,
1148 647 1174 697 et
1189 640 1240 715 qui
1259 640 1355 699 iuerat
1371 649 1471 702 auctor
1487 657 1603 717 pugnae,
1620 642 1713 702 hctus
1729 649 1772 702 eet
1786 658 1894 705 corona

135 722 232 798 plane,
255 724 306 799 qui
332 724 442 798 J'aeebat
466 724 502 782 ad
522 727 643 799 januam
668 727 776 798 divitis,
792 727 906 787 invitus
924 742 993 787 esu·
1036 728 1174 801 victoria,
1193 729 1277 790 lesus
1301 728 1432 789 Christus
1457 730 1601 790 Dominus
1628 736 1734 798 noster,
1754 732 1805 807 qui
1822 748 1894 792 cum

135 811 236 881 riebat,
250 812 423 871 etcadentes
437 812 473 871 de
492 829 592 874 mensa
614 817 712 888 micas,
733 832 800 890 quae
819 824 914 876 umen
937 816 993 875 sibi
1035 817 1094 877 Deo
1108 801 1195 878 hatra
1207 824 1236 876 et
1254 818 1364 893 Spiritu
1379 827 1477 881 sancto
1490 820 1565 880 vivit
1583 827 1611 879 et
1625 825 1726 895 regnat
1738 820 1769 881 in
1785 822 1895 883 sucula

135 900 257 959 minime
275 901 427 973 dabantur,
444 904 559 976 optabat
584 908 659 973 (Lac.
676 910 740 976 xv1)
752 926 760 978 ς
774 906 853 965 unde
874 907 993 980 potioris
1035 907 1219 968 saeculorum.
1237 909 1341 967 Amen.

134 989 235 1063 procul
254 989 342 1048 dubio
361 991 457 1049 meriti
472 992 527 1050 luit
546 1008 654 1066 pauper
670 994 733 1064 iste,
748 1009 836 1068 quam
855 994 991 1053 Lazarus.
1318 1017 1332 1042 .
1351 1013 1477 1075 ggggo
1502 1014 1607 1076 mx,

134 1079 186 1138 Ille
210 1080 351 1139 nimirum
378 1097 437 1141 non
457 1082 542 1142 modo
571 1098 674 1158 parum
693 1085 762 1161 quid
783 1086 923 1160 accipere,
941 1085 992 1145 sed
1124 1097 1161 1145 uu
1174 1097 1288 1146 sancus
1307 1098 1403 1146 uuam
1425 1098 1618 1148 ututtttuult.
1634 1090 1715 1163 (xxti
1731 1091 1805 1152 toul

134 1175 162 1227 et
189 1169 322 1239 saturari,
351 1170 425 1230 sicut
457 1170 569 1230 Veritas
600 1174 742 1247 perhibet,
770 1174 913 1249 cupiebat,
944 1175 992 1235 eui
1070 1176 1163 1236 Hodie
1184 1176 1380 1236 misericordia
1398 1182 1426 1235 et
1450 1177 1556 1236 veritas
1575 1177 1766 1238 obviaverunt
1781 1179 1849 1252 sibi,
1866 1187 1898 1242 ct

135 1265 231 1316 tamen
265 1257 403 1318 alimenta
437 1278 522 1319 neruo
552 1263 775 1323 misericorditer
802 1265 989 1340 indulgebat3
1035 1265 1190 1325 multitudo
1212 1265 1432 1325 miserationum
1450 1265 1569 1325 Domini
1591 1266 1623 1325 in
1645 1269 1833 1342 peccatricem
1852 1268 1896 1328 le·

132 1345 186 1405 iste
209 1363 277 1405 vero
302 1363 369 1407 cum
396 1348 451 1407 sihi
472 1359 641 1424 sumptuosa
664 1353 834 1412 divitiarum
856 1354 991 1413 omnium
1034 1357 1145 1415 minam
1161 1359 1238 1423 (Luc.
1259 1359 1312 1425 vu)
1337 1356 1434 1414 relusa
1458 1360 1511 1414 est.
1534 1354 1627 1416 Filius
1650 1357 1729 1415 enim
1751 1356 1895 1431 Virginis,
1973 1393 1978 1401 ·

133 1436 215 1509 copia
244 1436 320 1494 ultro
349 1446 520 1510 suppeteret,
550 1455 617 1498 cum
643 1441 738 1499 omnis
770 1442 861 1515 hujus
887 1443 991 1502 mundi
1034 1442 1207 1520 peccatricis,
1229 1448 1416 1503 menstruatae
1433 1441 1569 1501 manibus
1586 1448 1766 1518 attrectatum
1784 1445 1896 1507 Deum·

132 1524 225 1596 gloria
246 1542 276 1583 se
297 1525 353 1583 sibi
372 1524 552 1598 dignaretur,
567 1516 656 1601 gratis
677 1530 802 1601 offerret,
823 1528 882 1589 imo
905 1530 991 1590 etiam
1034 1549 1100 1607 que,
1111 1539 1140 1590 et
1152 1531 1205 1590 Dei
1221 1530 1332 1591 Filium
1345 1530 1451 1591 mulier
1464 1530 1612 1590 infirmata
1620 1533 1771 1609 oonhugit.
1787 1535 1898 1611 Tangit

133 1612 243 1672 nolenti
261 1629 292 1672 se
314 1612 456 1673 violenter
478 1616 631 1689 ingereret,
651 1618 751 1677 omnia
773 1618 889 1694 repulit,
916 1635 991 1678 cun·
1034 1622 1121 1695 pedes
1134 1619 1247 1691 mundi,
1263 1620 1533 1694 atquemundantis
1550 1621 1715 1696 immunda,
1735 1626 1813 1684 etad
1828 1641 1896 1686 ves-

133 1708 178 1759 cta
212 1703 406 1777 contempsit,
434 1704 661 1765 irrevocabiliter
697 1715 844 1767 aversatus
877 1709 1104 1786 abjecitgtigia
1122 1706 1263 1768 creatoris
1282 1707 1389 1768 mulier
1406 1708 1564 1768 criminosa
1586 1711 1760 1784 procumbit.
1777 1713 1896 1772 Transit

133 1787 326 1849 Ostrennum
352 1790 457 1851 Christi
483 1793 624 1853 militeml
647 1809 813 1869 oprorsus
835 1797 989 1873 invictum,
1032 1797 1064 1857 in
1074 1797 1210 1868 affectum
1220 1795 1315 1855 cordis
1325 1796 1554 1870 praevaricatrix,
1569 1806 1596 1857 et
1609 1798 1683 1858 redit
1692 1800 1729 1859 ad
1739 1815 1798 1872 cor,
1806 1806 1898 1875 atoue

98 1934 101 1938 ,
132 1884 161 1935 et
177 1878 264 1937 nimis
276 1879 422 1952 insignem
443 1882 567 1941 coelestis
580 1883 694 1942 militiae
708 1884 900 1945 bellatorem!
1032 1885 1266 1960 magnitudinem
1280 1884 1422 1945 scelerum
1440 1883 1633 1959 lacrymarum
1652 1888 1898 1949 multitudomu-

168 1965 203 2023 ln
220 1965 385 2027 Annalibus
404 1975 480 2028 certe
495 1969 603 2043 legitur
619 1972 820 2032 Romanorum
838 1974 989 2047 (Dounon,
1032 1973 1158 2032 damnat.
1175 1972 1342 2033 Dissimulet
1365 1973 1455 2048 pietas
1477 1975 1621 2048 ungentis
1635 1975 1773 2048 officium,
1793 1987 1824 2036 et
1841 1978 1898 2038 oh-

132 2057 205 2112 lllst.
221 2059 298 2114 Rom.
316 2055 366 2115 lib.
391 2070 422 2116 111
441 2056 472 2116 in
492 2057 686 2134 primogenio
702 2060 856 2120 Marcellus
877 2061 990 2133 consul,
1033 2060 1201 2136 segniorum
1220 2061 1389 2120 instantiam
1408 2062 1656 2125 remuneratorius
1673 2064 1722 2125 illc
1737 2066 1898 2141 majestatis
1957 2107 1963 2116 -

132 2150 204 2208 dum
228 2150 398 2223 imprudens
425 2153 457 2211 in
483 2168 588 2212 manus
616 2154 746 2213 hostium
775 2154 934 2229 incidisset,
964 2164 993 2216 et
1033 2150 1136 2211 oculus
1161 2150 1238 2210 lelici
1267 2150 1472 2225 dedignatione
1501 2166 1559 2210 non
1585 2151 1715 2229 inspicit.
1741 2154 1898 2215 Osculatur

132 2253 238 2297 corona
263 2240 461 2299 circumdante
493 2240 654 2314 Gallorum,
677 2243 805 2317 nullum,
830 2260 992 2320 perquem
1032 2238 1124 2298 Maria
1146 2239 1232 2315 pedes
1256 2239 1364 2300 Christi
1390 2240 1592 2315 irequeutihus
1617 2241 1736 2313 osculis,
1752 2251 1782 2302 et
1800 2240 1900 2301 oculis

132 2336 227 2413 posset
252 2330 383 2402 evadere,
413 2330 525 2389 aditum
550 2333 698 2406 reperiret,
730 2340 848 2407 repente
872 2335 904 2393 in
930 2350 992 2393 me·
1033 2326 1247 2388 inundantibus
1273 2324 1396 2400 vestigia
1418 2325 1619 2400 Redemptoris
1637 2328 1788 2400 infundit,
1807 2329 1898 2402 tergit

133 2418 215 2479 diurn
239 2419 365 2479 hostium
389 2420 621 2481 ferventissimus
637 2421 759 2481 bellator
773 2425 928 2497 immersit,
941 2441 992 2484 eu·
1034 2416 1175 2486 ctiuihus,
1194 2414 1347 2474 odoriferis
1372 2414 1460 2473 illinit
1485 2422 1514 2473 et
1535 2416 1639 2475 irrorat
1656 2417 1826 2492 unguentis.
1842 2417 1897 2476 Vi-

132 2522 257 2578 rumque
276 2525 383 2584 regem,
399 2506 608 2568 virdumarum
623 2509 841 2585 [vitromarum]
863 2511 992 2585 nomine,
1035 2505 1092 2576 del.
1113 2509 1142 2563 θῑ
1167 2503 1279 2563 inlidet
1310 2503 1520 2578 Singuialilfliiss
1547 2511 1667 2578 ³ffl³i⁰l2
1687 2513 1714 2565 ⁰¹
1736 2513 1899 2579 utrumque

107 2657 113 2672 ,
135 2600 246 2660 cunctis
267 2600 414 2676 inopinata
437 2601 559 2660 andacia
575 2602 727 2678 perculsis,
752 2603 875 2675 occidit;
897 2610 925 2663 et
942 2604 993 2666 uhi
1035 2593 1181 2668 ledalglffl
1201 2593 1341 2653 Phasim
1355 2593 1503 2669 lactantia,
1517 2593 1604 2655 illum
1621 2594 1895 2671 isss⁰l³11tiaeslllae·

135 2705 241 2762 magua
263 2689 410 2748 videretur
440 2691 608 2763 provenisse
637 2690 767 2760 victoria,
796 2691 821 2750 si
851 2691 995 2752 duntaxat
1036 2683 1210 2758 sumptionis
1222 2683 1314 2742 illam·
1328 2683 1384 2744 Sed
1398 2684 1563 2744 deliberans
1575 2685 1758 2760 Dr⁰lidessti³
1771 2701 1898 2761 Suspen-

135 2779 278 2839 immunis
303 2781 465 2852 aulugeret,
487 2779 556 2838 inde
571 2771 647 2839 ultra
663 2796 779 2839 omnem
803 2797 884 2855 spem
903 2780 995 2854 opimi
1035 2771 1245 2848 ditjudicium,
1262 2772 1333 2830 dum
1348 2772 1462 2832 ἃΠθθῑθῑ
1475 2772 1659 2848 obsequium,
1674 2780 1704 2832 θῑ
1717 2773 1897 2833 isslffllilaffi

136 2866 221 2940 spolii
240 2866 395 2925 manubias
421 2867 585 2941 reportavit.
608 2866 656 2927 Sic
681 2867 824 2926 nimirum
845 2874 874 2927 et
898 2875 995 2929 noster
1037 2864 1141 2922 retinet
1178 2870 1379 2937 praeparatam,
1407 2862 1498 2922 donec
1528 2863 1628 2922 hiariae
1660 2863 1837 2924 sacrificium
1864 2864 1900 2923 in

135 2954 190 3013 iste
216 2953 381 3025 Marcellus,
406 2971 464 3014 nou
490 2957 551 3030 jam
577 2963 774 3031 propugnator
801 2956 916 3029 Romae,
945 2957 994 3017 sed
1036 2950 1237 3011 holocaustum
1271 2959 1457 3024 pertranseat.
1496 2951 1631 3012 Gaudent
1668 2954 1764 3028 angeli
1809 2967 1902 3027 super

136 3049 243 3102 sanetae
261 3042 344 3102 miles
367 3043 515 3114 scelesta,
532 3060 599 3103 cum
620 3060 795 3118 magnanon
810 3045 993 3105 dubitaretur
1035 3040 1191 3115 peccatrice
1216 3041 1416 3114 poenitentiam
1439 3048 1541 3118 agente
1569 3046 1643 3114 (iac.
1666 3044 1731 3117 xvi.
1749 3048 1780 3102 θῐ
1800 3042 1901 3101 0d0riss

135 3147 198 3189 esse
217 3130 348 3203 victoria,
366 3132 390 3189 si
413 3132 449 3190 de
474 3139 530 3190 tarn
547 3130 653 3205 amplis
667 3139 695 3190 et
709 3132 873 3206 magnificis
891 3133 995 3208 opibus
1039 3134 1199 3208 fragrantia
1222 3136 1346 3194 coelestis
1365 3135 1417 3195 ille
1443 3143 1605 3196 conventus
1627 3135 1811 3210 aspergitur,
1839 3134 1900 3193 sal·

136 3221 233 3278 nudus
251 3221 413 3295 aufugeret,
434 3236 493 3280 non
514 3221 645 3280 sufficere
664 3220 719 3279 sihi
745 3221 846 3280 visum
864 3227 917 3290 est,
937 3223 995 3282 nisi
1039 3230 1214 3298 vantemque
1241 3231 1268 3282 et
1300 3223 1468 3284 salvandam
1490 3231 1578 3284 totam
1599 3224 1807 3284 misericordiae
1828 3223 1900 3282 dul·

137 3318 165 3368 et
178 3309 297 3368 domum
315 3309 438 3379 rediens,
464 3309 656 3368 intolerabilia
671 3315 771 3369 contra
789 3327 820 3370 se
838 3311 996 3370 certamina
1039 3313 1108 3373 cedo
1119 3312 1269 3387 procingit.
1287 3305 1344 3372 Ubi
1359 3312 1519 3373 abundavit
1536 3319 1697 3390 peceatum,
1710 3313 1899 3389 superabun-

138 3396 292 3457 ultroueus
306 3405 479 3470 provocaret.
497 3396 553 3457 Sed
574 3398 610 3455 ab
625 3397 687 3471 ipso
701 3397 835 3469 Domino,
852 3398 903 3473 qui
919 3398 998 3458 vide
1040 3401 1089 3460 dat
1116 3398 1207 3474 gratia
1235 3404 1320 3473 theat.
1347 3401 1395 3471 vl3
1421 3406 1450 3458 et
1474 3403 1712 3462 numerositatem
1738 3401 1898 3462 criminum

139 3486 205 3545 licet
220 3493 320 3546 auctor
332 3487 485 3560 virtutum,
501 3493 529 3546 et
542 3487 604 3545 dux
625 3493 668 3545 est
681 3486 856 3562 spiritalium
876 3487 996 3547 bellato-
1040 3489 1264 3565 praeponderans
1277 3489 1368 3565 pietas
1389 3491 1565 3553 intercludit.

140 3591 216 3647 rum,
230 3573 370 3647 jubemur
391 3576 508 3650 quidem
535 3581 639 3634 cuncta
656 3573 811 3650 dimittere,
826 3591 884 3636 non
899 3582 996 3637 autem
1076 3574 1169 3647 Quam
1190 3592 1295 3652 magna
1316 3577 1474 3637 multitudo
1498 3577 1660 3638 dulcedinis
1685 3586 1754 3650 tuae,
1775 3578 1907 3640 Domim

139 3663 278 3722 adversus
292 3680 326 3723 ea
337 3664 475 3739 quotidie,
494 3665 573 3724 velut
585 3679 691 3724 manus
705 3664 833 3724 invicem
844 3665 997 3725 conieren·
1042 3668 1126 3739 (Prot.
1142 3674 1232 3737 xxx),
1248 3664 1281 3725 in
1303 3664 1470 3739 peccatricis
1492 3667 1689 3727 confessione!
1707 3666 1801 3740 Quam
1822 3667 1904 3741 iusta

142 3760 193 3822 tes,
218 3752 351 3812 cominus
372 3753 531 3814 dimicare:
550 3753 707 3814 Israelitico
729 3754 872 3815 nimirum
891 3755 998 3829 populo
1041 3756 1227 3833 reprehensio
1250 3755 1283 3815 iu
1297 3754 1437 3816 Pharisaei
1455 3756 1590 3832 superbia
1607 3763 1636 3816 et
1653 3756 1806 3818 abusione.
1818 3757 1903 3817 Duu-

141 3844 239 3902 exitus
253 3861 290 3901 ex
305 3844 429 3920 AEgypto
443 3845 612 3921 precipitur
627 3848 729 3918 (seed.
745 3852 801 3919 ur),
816 3835 875 3907 non
889 3846 999 3907 reditus
1042 3853 1173 3907 meratus
1191 3845 1379 3922 obsequentis
1403 3846 1588 3922 obsequium,
1617 3855 1646 3906 et
1668 3863 1720 3923 per
1747 3845 1903 3923 obliquum

143 3937 311 4013 imperatur.
333 3940 479 3999 Abraham
513 3957 645 4016 egressus
670 3948 712 4000 est
735 3942 771 4000 de
797 3948 871 4001 terra
891 3959 945 4002 sua
963 3941 999 4001 ad
1042 3936 1171 4011 tangitur
1189 3934 1368 4010 indignantis
1387 3934 1535 4011 iniquitas,
1552 3942 1608 3996 tota
1622 3934 1739 3995 litterali
1751 3936 1903 3996 cohaeren-

144 4026 261 4086 Domini
281 4027 412 4099 juhentis
438 4028 593 4102 imperium
618 4031 695 4101 (dea.
712 4036 766 4101 ΧΠ)
782 4053 790 4101 ;
807 4031 856 4090 sed
872 4036 999 4105 postmo·
1043 4024 1083 4085 tia
1106 4023 1234 4085 Simonis
1255 4023 1398 4084 invidiam
1414 4024 1613 4099 impugnante.
1628 4025 1665 4084 Et
1678 4025 1749 4099 guia
1763 4024 1815 4085 ubi
1836 4021 1903 4099 Spi-

145 4119 216 4176 dum
238 4133 422 4192 nequaquam
442 4117 575 4177 rediitad
591 4119 720 4177 rediviva
741 4120 899 4179 certamina
912 4120 1000 4178 Chal·
1044 4114 1118 4174 ritus
1143 4112 1270 4187 Domini,
1298 4113 1339 4173 ihl
1366 4114 1482 4175 libertas
1503 4117 1692 4187 (Dcor.111);
1714 4114 1904 4176 dimittuntur

144 4205 286 4264 daeorum.
301 4205 403 4264 Petrus
417 4222 468 4280 per
486 4206 625 4279 angelum
640 4208 782 4266 excitatus
800 4207 1001 4268 Herodianum
1044 4202 1090 4262 illi
1109 4210 1232 4277 peccata,
1254 4217 1322 4276 quae
1346 4203 1474 4261 multum
1495 4202 1609 4277 diligit;
1625 4202 1685 4262 imo
1702 4203 1903 4263 immittuntur

145 4291 273 4351 deseruit
291 4308 434 4352 carcerem
459 4297 531 4367 (Act.
556 4299 620 4368 xo),
640 4297 768 4355 sednon
790 4296 886 4355 denuo
904 4313 1001 4360 rever·
1046 4293 1100 4367 illi,
1113 4293 1165 4366 qui
1185 4292 1312 4352 multum
1334 4292 1463 4367 negligit.
1487 4292 1551 4352 Non
1573 4299 1632 4351 erat
1646 4293 1766 4353 satiatus
1780 4292 1816 4352 ab
1831 4291 1901 4353 uhe-

148 4398 198 4440 sns
212 4389 254 4441 est
266 4382 303 4441 ad
315 4381 469 4442 Herodem.
486 4381 599 4444 Sufficit
615 4386 733 4460 ergo,1si
747 4392 861 4445 tautum
874 4401 1003 4459 possessa
1046 4382 1128 4442 ribus
1148 4397 1271 4456 sponsae,
1292 4396 1346 4440 uec
1371 4381 1505 4441 induerat
1533 4382 1740 4456 compassionis
1765 4383 1902 4443 allectum

147 4471 352 4546 relinquimus,
366 4487 420 4532 nec
443 4481 582 4549 superest,
607 4481 640 4534 ut
659 4491 761 4536 rursus
783 4476 818 4534 ad
840 4491 940 4536 eorum
961 4444 1140 4545 to-Dlegem
1168 4469 1309 4544 relegens,
1339 4486 1406 4544 puae
1436 4470 1662 4531 misericordiam
1693 4471 1798 4542 nescit,
1820 4471 1901 4530 novit

148 4559 266 4619 leranda
283 4559 440 4619 certamina
455 4562 616 4622 redeamus.
1043 4562 1196 4637 justitiam.
1213 4561 1276 4621 Lex
1287 4563 1359 4621 dura
1378 4562 1469 4633 duris,
1487 4568 1515 4622 et
1529 4562 1649 4637 lapideis
1663 4563 1847 4639 promulgata
1857 4579 1902 4638 pa·

191 4647 262 4705 147
272 4649 364 4724 lgitnr
373 4649 406 4709 Β.
414 4651 538 4711 alexius
549 4668 617 4712 cum
627 4658 739 4714 terrena
749 4669 873 4730 quaeuue
882 4653 1003 4728 dimisit,
1047 4662 1107 4715 rata
1126 4656 1284 4728 percutere,
1298 4652 1394 4713 nescia
1411 4653 1552 4714 misereri.
1572 4649 1643 4708 148
1662 4652 1726 4712 Lex
1744 4653 1903 4713 excludens

148 4754 216 4798 cum
230 4755 299 4813 opes
312 4756 414 4800 omnes
428 4748 515 4816 atque
533 4741 650 4802 divitias
669 4743 780 4817 paterni
796 4743 873 4817 juris
890 4742 1003 4820 abjecit,
1047 4742 1225 4822 paenitentiae
1251 4744 1359 4817 locum,
1392 4744 1509 4803 veniam
1543 4759 1664 4818 negans,
1692 4742 1904 4804 emendationis

149 4844 285 4902 superna
304 4832 446 4906 jussionis
476 4832 610 4891 mandata
628 4834 700 4905 (Lac.
721 4835 804 4906 xvtnl
826 4832 1003 4908 complevit;
1048 4836 1160 4911 ignara.
1187 4835 1249 4895 Lex
1275 4835 1378 4895 vinum
1410 4836 1531 4906 durum,
1554 4842 1583 4895 et
1603 4835 1731 4904 acidum,
1751 4835 1788 4895 de
1812 4833 1905 4895 botris

149 4935 218 4980 cum
241 4935 310 4978 vero
329 4920 364 4980 ad
388 4919 503 4995 propria
524 4919 620 4992 rediit,
636 4920 852 4981 abrenuntiator
873 4923 1006 4996 egregius
1049 4920 1239 4983 amarissimis
1256 4921 1428 4996 eliquatum,
1453 4928 1652 4982 consecratum
1677 4919 1800 4994 taritati,
1825 4918 1904 4979 deri-

150 5017 257 5069 metam
278 5010 377 5083 procul
400 5008 490 5070 dubio
512 5009 621 5068 divinae
650 5006 722 5083 legis
741 5009 873 5069 excmsit.
887 5009 921 5069 Et
935 5011 1006 5086 quia
1051 5018 1149 5072 vatum
1162 5010 1271 5080 Israeli,
1288 5008 1431 5070 Salvatori
1442 5008 1638 5086 propinatum.
1654 5006 1777 5080 Vinum,
1795 5007 1832 5068 de
1844 5020 1904 5079 uuo

150 5113 317 5157 mensuram
340 5097 458 5170 bonam,
479 5105 508 5157 et
536 5098 695 5157 confertam
724 5104 752 5156 et
778 5097 948 5172 coagitatam
973 5098 1006 5158 in
1048 5100 1149 5159 dentes
1173 5098 1334 5158 bibentium
1360 5099 1577 5174 obstupescunt,
1603 5113 1662 5157 non
1688 5097 1724 5156 de
1755 5093 1908 5170 genimine

150 5187 248 5247 sinum
270 5202 357 5247 suum
386 5186 470 5252 electi
493 5187 603 5263 quique
627 5185 789 5260 recipiunt;
804 5193 833 5245 et
850 5185 1008 5261 unusquis·
1050 5187 1117 5247 vitis
1130 5186 1223 5259 illius,
1237 5188 1318 5263 quod
1328 5186 1459 5248 Salvator
1473 5187 1548 5247 bibit
1564 5202 1673 5246 novum
1693 5186 1725 5246 lu
1741 5201 1830 5261 reguo
1846 5184 1905 5242 l‘a·

150 5291 207 5352 que
221 5276 367 5351 propriam
386 5276 547 5336 mercedem
566 5276 666 5351 recipit
681 5275 843 5336 seeundum
860 5291 948 5334 suum
963 5275 1006 5333 la·
1050 5278 1101 5337 tris
1116 5276 1162 5336 sui
1176 5280 1250 5348 (Luc.
1271 5278 1343 5349 xxi).
1355 5275 1438 5335 ‘llere
1459 5275 1580 5334 meliora
1598 5283 1666 5333 sunt
1685 5275 1776 5335 ubera
1790 5287 1905 5348 sponsae

153 5366 250 5423 horem
265 5369 291 5435 (l
303 5368 362 5424 Gor.
377 5371 437 5437 ut);
455 5364 724 5425 immensurabilem
742 5365 790 5423 hic
803 5364 929 5438 possidet
944 5364 1007 5439 glo·
1049 5367 1119 5426 vino
1139 5365 1193 5425 isto
1217 5367 1303 5439 (caat.
1320 5365 1347 5439 1).
1368 5363 1508 5434 Quasnam
1529 5369 1628 5425 autam
1650 5370 1719 5423 sunt
1739 5359 1813 5422 illa?
1831 5359 1903 5420 Pro-

153 5453 237 5524 riam,
253 5453 304 5527 oui
332 5471 389 5515 nort
418 5457 512 5515 tenuit
536 5455 567 5514 iu
589 5455 687 5515 labore
706 5471 883 5515 mensuram.
905 5455 940 5513 Et
955 5455 1007 5530 qui
1050 5457 1131 5516 cedat
1151 5456 1183 5513 in
1202 5453 1332 5513 medium
1355 5452 1465 5514 Paulus
1490 5450 1646 5526 apostolus,
1662 5459 1690 5510 et
1713 5450 1803 5511 ubera
1824 5446 1904 5508 lelici

74 5573 78 5580 ·
152 5543 349 5618 evangelicam
366 5545 496 5619 regulam
517 5545 548 5603 iu
567 5546 614 5604 sui
633 5544 799 5604 certaminis
811 5560 903 5618 agone
917 5550 1007 5606 trans
1051 5545 1124 5605 lacte
1151 5539 1296 5604 manantia
1325 5541 1409 5610 nobis
1435 5539 1603 5616 assignet«
1626 5537 1772 5614 Gaudere,
1792 5535 1904 5614 iuquit,
