4100 6209
154 270 210 347 aas
344 262 446 327 ·s.
467 267 579 328 aaran
598 261 760 325 nlnranr
778 260 857 343 ure.
880 259 976 347 ruas
996 260 1067 343 spu
1086 262 1217 345 annus
1232 268 1255 337 1.
1279 301 1309 312 -
1330 269 1448 332 aersr.
1471 267 1542 330 nra.
1564 248 1686 325 vans
1852 264 1908 337 ιιι,

157 402 236 454 trum
263 395 295 454 iu
321 410 389 469 agro
417 393 534 479 Domini
562 391 673 459 trahere
700 386 895 469 compellatur.
925 386 1008 445 Unde
1020 388 1088 477 alis
1102 390 1242 467 adversus
1256 398 1410 477 potestates
1424 407 1523 475 aereas
1535 391 1715 470 colluctatur.
1728 414 1744 453 r
1756 389 1821 453 Nae
1831 396 1876 449 est
1892 416 1901 443 ι

155 478 388 563 postmodnm'de
404 476 680 555 evangelizantibus,
695 482 835 551 tanquam
848 474 885 532 de
899 474 1009 533 aranti·
1052 480 1129 537 enim
1150 503 1164 535 a
1180 482 1264 547 nobis
1278 484 1442 551 colluctatio
1457 486 1598 555 adversus
1615 497 1732 557 menam
1745 489 1774 553 et
1787 481 1906 556 mugni-

117 582 120 595 '
155 574 212 655 bus
230 572 321 633 dicit:
340 591 350 633 r
369 568 550 647 Debetenim
571 565 602 624 in
622 579 680 647 spe,
705 561 757 636 uui
775 568 846 631 arat,
865 576 968 632 arare;
984 568 1012 620 et
1052 583 1135 643 nem,
1167 571 1216 629 sed
1252 571 1393 633 adversus
1425 572 1528 649 mundi
1563 577 1688 633 rectores
1724 570 1909 645 tenebrarum

155 661 207 739 qui
228 661 351 729 triturat,
367 659 398 716 in
418 673 467 731 spe
485 657 595 729 tructus
612 651 789 727 percipiendi
808 655 834 719 (l
850 653 908 710 Gor·
922 656 979 709 1xt.
996 675 1009 703 e
1053 658 1169 732 barum,
1196 667 1295 723 contra
1322 661 1483 739 spiritualia
1518 663 1660 737 neunibae
1685 663 1717 722 in
1744 661 1909 727 caelestibus

157 751 198 810 ne
222 749 277 808 hoc
302 754 395 805 aratro
419 746 584 803 Dorulaus:
602 741 730 811 «Nemo,
758 739 865 814 inquit,
895 739 1012 798 mittens
1054 747 1163 819 (aptes.
1178 750 1227 821 vr).
1247 776 1256 798 a
1273 750 1337 811 lllic
1350 750 1438 811 Josue
1448 766 1507 812 non
1520 751 1571 813 ille
1583 750 1708 821 Beuum,
1720 749 1770 808 sed
1785 747 1910 811 coetestte

156 852 279 898 manum
297 850 377 895 suam
400 834 431 893 in
449 839 589 900 aratrum,
604 836 632 888 et
650 826 806 901 respiciens
824 835 910 900 retro,
930 836 1014 902 aptus
1054 835 1155 896 ductor
1179 839 1334 912 exercitus,
1350 846 1377 901 et
1400 841 1452 916 qui
1473 840 1668 914 spiritualium
1688 837 1845 899 instructor
1866 842 1910 897 est

157 935 201 999 est
222 941 311 1000 reguo
332 922 384 983 Dei
407 925 484 992 thur.
505 925 593 1005 ιιι»
619 917 702 992 Legis
727 923 855 977 aratrum
885 917 1014 998 trahebat
1053 921 1237 997 bellatorum,
1263 943 1331 989 suos
1348 928 1446 988 edocet
1470 928 1589 1001 milites,
1617 927 1757 1002 superbas
1778 926 1911 1000 quinque

157 1016 332 1081 Israeliticns
359 1012 485 1088 populus
510 1027 559 1086 per
586 1010 742 1081 desertum,
758 1023 826 1067 cum
853 1008 921 1066 hinc
944 1022 1012 1066 eum
1054 1029 1153 1089 regum
1192 1015 1302 1076 calcare
1338 1017 1465 1078 cervices
1493 1040 1499 1078 :
1529 1033 1616 1094 suppl»
1649 1032 1723 1091 qum
1765 1014 1909 1077 nimirum

158 1108 269 1167 Pharao
289 1104 455 1165 durissimae
478 1100 627 1161 servitutis
644 1098 744 1158 aculeo
764 1104 915 1172 pungeret,
931 1096 1013 1157 illinc
1056 1106 1261 1181 triumphalem
1297 1116 1459 1173 noscuntur
1496 1109 1628 1171 obtinere
1664 1107 1826 1176 victoriam,
1856 1104 1910 1180 qai

158 1205 255 1258 autem
278 1195 393 1270 Moyses
417 1191 565 1266 praecptis
590 1188 764 1256 coelestibus,
782 1187 865 1261 quasi
891 1185 1013 1260 quibus·
1055 1196 1174 1257 rotidem
1204 1213 1307 1258 sensus
1338 1215 1491 1275 corporum
1522 1215 1573 1274 per
1598 1197 1735 1261 purpura
1770 1193 1913 1257 custudire

157 1287 225 1346 darn
248 1284 370 1345 funibus
396 1287 571 1358 provocaret,
587 1278 641 1337 ille
668 1276 860 1337 construendo
887 1276 949 1334 luto
970 1282 1012 1334 at·
1055 1286 1191 1347 cohibent
1215 1286 1408 1361 disciplinam,
1424 1288 1489 1351 11er
1509 1287 1620 1357 „2oean
1634 1285 1749 1353 refrena
1771 1283 1913 1355 tubarum

157 1370 215 1452 que
234 1374 372 1434 lateribus
390 1370 487 1443 urbes,
502 1385 570 1429 0⁰11]
590 1366 672 1443 quasi
690 1372 751 1441 9⁰⁸¹
767 1372 846 1437 lesda
862 1365 988 1424 tffldebal
1004 1389 1011 1423 :
1055 1373 1238 1447 clangoribus
1252 1382 1402 1449 corruunt,
1418 1386 1446 1436 et
1458 1376 1631 1439 habitatores
1643 1373 1914 1449 eiusmaeltuarum

156 1465 212 1525 iste
239 1460 435 1539 promittendo
461 1466 564 1518 terram
591 1456 673 1516 lactis
698 1471 731 1514 ac
758 1455 865 1524 mellis,
885 1453 1014 1528 pravius
1054 1464 1160 1539 gladiis
1184 1463 1380 1539 perimuntur,
1413 1463 1476 1525 nuc
1502 1463 1589 1524 Josue
1614 1462 1780 1525 reparaturos
1801 1461 1913 1535 imma.

158 1553 318 1615 attrahebat
339 1571 346 1609 :
365 1567 418 1610 uos
437 1556 535 1609 autem
554 1546 605 1623 qui
623 1547 655 1604 in
678 1561 747 1620 agro
766 1544 911 1616 Ecclesiae,
931 1545 1014 1618 quasi
1055 1556 1137 1609 catur
1165 1570 1171 1609 ;
1201 1572 1212 1602 ι
1238 1550 1419 1624 Maledictus,
1449 1550 1556 1625 innuit,
1586 1549 1632 1611 vir
1658 1565 1754 1615 corath
1774 1548 1914 1625 Domino,

158 1643 302 1705 Dominici
325 1641 413 1701 boves
435 1654 562 1710 aramus,
578 1646 648 1697 tnnc
669 1636 699 1695 in
722 1636 928 1710 posterioribus
944 1651 1014 1694 acu·
1056 1641 1108 1723 qui
1134 1640 1326 1715 suscitaverit,
1348 1648 1377 1701 et
1398 1641 1586 1705 aedilicaverit
1611 1641 1760 1704 civitatem
1784 1639 1912 1705 tertrha

159 1735 204 1793 leo
223 1732 391 1811 pungimur,
411 1745 478 1790 cum
497 1729 601 1789 uitium
627 1726 764 1800 postremi
780 1725 882 1802 judicii
900 1724 1089 1826 discus-Bia
1111 1731 1304 1806 primogenito
1327 1747 1380 1791 suo
1402 1731 1592 1795 fundamenta
1615 1730 1695 1793 illius
1714 1729 1809 1811 iaciat,
1825 1736 1853 1788 et
1883 1732 1914 1797 ih
2028 1776 2029 1781 ι

159 1818 241 1884 sione
262 1828 414 1881 terremur.
435 1819 469 1878 ln
491 1815 696 1891 posterioribus
715 1830 768 1874 nos
785 1814 906 1875 aculeus
921 1820 1013 1873 terro·
1055 1820 1214 1897 novissimo
1236 1820 1396 1883 liberorum
1417 1828 1504 1895 ponat
1531 1827 1627 1895 portas
1650 1820 1714 1895 ejus
1744 1822 1807 1891 ιιοι.
1830 1819 1882 1890 vr).
1899 1841 1912 1868 a

158 1914 200 1973 ris
224 1905 360 1986 exagitat,
386 1917 420 1970 ιιι
444 1909 544 1969 cervix
571 1912 668 1967 nostra
696 1908 767 1981 jugo
800 1906 911 1966 divinae
943 1905 1015 1981 legis
1056 1909 1109 1971 ille
1137 1909 1247 1971 scilicet
1268 1910 1385 1973 iericho
1407 1912 1439 1970 in
1464 1908 1654 1983 primogenito
1680 1922 1733 1967 suo
1758 1906 1916 1967 suscitator
2028 1946 2029 1991 t

158 2004 254 2063 attrita
275 2000 421 2078 [astrictai
441 2000 472 2058 in
494 1996 641 2057 laboribus
660 2012 719 2056 non
739 1995 881 2055 lassescat.
903 1995 1015 2054 Covrve·
1056 1998 1190 2071 aedificat,
1207 1998 1258 2077 qui
1283 2000 1427 2069 mundum
1448 1998 1528 2073 hunc
1546 1995 1708 2073 apostolica
1728 1996 1809 2059 tuhae
1829 1995 1914 2057 clau·

158 2093 272 2153 nlenten
295 2092 392 2166 itaque
420 2087 593 2148 cluniacum
619 2101 732 2160 agrum,
754 2085 891 2157 dixerim,
905 2085 936 2143 in
958 2099 1016 2165 quo
1057 2108 1125 2165 gorc
1146 2090 1316 2166 collapsum,
1339 2090 1537 2167 principaliter
1556 2094 1643 2147 amat.
1657 2088 1711 2147 llle
1730 2102 1798 2145 raro
1816 2092 1915 2161 portas
2028 2092 2029 2147 l

159 2182 295 2247 videlicet
319 2179 459 2239 [lominici
480 2177 569 2237 boves
595 2175 812 2247 infatigabiliter
829 2181 922 2246 arant,
943 2174 1014 2232 dum
1056 2184 1119 2261 ejus
1140 2183 1221 2258 ponit
1243 2183 1274 2257 in
1302 2181 1462 2242 novissimo
1481 2181 1638 2243 liberorum
1661 2179 1735 2253 eius,
1752 2176 1802 2253 uui
1824 2191 1915 2243 mun·
2028 2220 2029 2257 ι

158 2287 207 2331 eos
234 2270 327 2330 divini
356 2268 473 2328 terroris
497 2267 615 2326 aculeus
643 2266 794 2325 stimulat:
810 2271 838 2323 et
856 2263 937 2324 reim
959 2279 1013 2324 acu
1055 2273 1128 2341 (lum
1141 2271 1312 2346 despiciens,
1335 2269 1526 2349 parvipendit,
1541 2270 1592 2345 uui
1609 2283 1677 2328 eum
1694 2266 1915 2340 omnibusque
2028 2294 2029 2331 r

157 2359 292 2420 clunium
315 2374 381 2432 pars
403 2363 547 2457 postrorua
571 2354 802 2430 transpungitur,
824 2369 890 2413 cum
917 2353 1013 2413 ultimi
1054 2378 1122 2422 vere
1147 2367 1215 2421 sunt
1237 2359 1371 2430 amanda,
1385 2358 1538 2434 postponit.
1563 2357 1619 2439 Qui
1640 2357 1750 2421 scilicet
1773 2357 1829 2415 hoc
1857 2370 1915 2415 ιω·
2028 2346 2029 2421 1

158 2438 265 2509 terrore
284 2446 389 2520 iudicii
411 2460 494 2503 mens
516 2445 645 2502 bumana
668 2450 801 2517 terretur.
821 2441 853 2500 ln
874 2443 1012 2517 pastorio·
1054 2452 1154 2519 culum
1170 2451 1206 2510 ad
1222 2466 1309 2510 usum
1328 2448 1424 2520 hahet,
1440 2447 1471 2506 in
1490 2464 1588 2508 amore
1606 2462 1663 2506 non
1684 2446 1779 2517 habet,
1794 2450 1823 2504 et
1840 2443 1914 2503 dum

158 2539 240 2600 ribus
272 2536 422 2619 pungitur,
454 2542 487 2593 ut
513 2535 544 2593 in
570 2534 713 2594 anteriora
745 2535 908 2600 contendat.
943 2534 1013 2609 nula
1053 2558 1180 2601 amorem
1204 2540 1328 2600 coelestis
1346 2540 1428 2614 regni
1448 2546 1584 2614 tanquam
1606 2538 1830 2612 primogenitum
1856 2534 1915 2593 sibi

160 2634 301 2689 transacta
334 2643 383 2706 00?
413 2632 546 2685 nostrum
579 2624 636 2683 tile
667 2625 811 2694 terrificat,
838 2631 870 2684 ut
900 2624 1012 2683 discus·
1054 2630 1147 2690 nutrit
1169 2631 1324 2701 haeredem,
1343 2630 1486 2691 mundum
1506 2628 1626 2706 despicit
1642 2631 1724 2689 velut
1750 2625 1916 2687 sordentem
2028 2688 2029 2705 2

159 2720 270 2781 sionem
312 2716 410 2776 ultimi
450 2713 596 2779 examinis
635 2722 777 2790 pavescat.
806 2714 868 2773 Hoc
906 2715 1014 2774 Paulus
1054 2733 1177 2794 puerum
1204 2719 1410 2778 incunabulis
1434 2719 1606 2794 vagientem.
1631 2744 1645 2768 e
1676 2716 1817 2784 Primum,
1841 2737 1853 2767 ι
1875 2713 1918 2772 ιιι
2028 2712 2029 2795 l

159 2808 261 2869 aculeo
319 2805 491 2891 ungebatur,
525 2811 557 2863 nt
591 2803 621 2862 in
656 2804 1016 2887 anteriorafcontendcret
1055 2806 1209 2878 Dominus,
1243 2807 1400 2881 «quarite
1426 2822 1548 2881 regnum
1577 2805 1640 2876 Dei,
1673 2813 1700 2879 et
1724 2804 1787 2863 haec
1815 2799 1917 2860 omnia
2028 2798 2029 2837 l

299 2822 365 2954 {bat
395 2910 401 2949 :
435 2916 446 2945 ι
479 2890 554 2965 Ergo
583 2907 630 2967 me
655 2908 713 2963 non
738 2892 863 2953 arbitror
886 2908 1013 2968 compre·
1057 2894 1230 2971 adjicientur
1252 2894 1335 2954 vobis
1357 2898 1468 2965 (Metti.
1498 2899 1548 2962 vu.
1570 2917 1581 2948 a
1601 2895 1638 2961 Ut
1656 2909 1780 2969 reguum
1801 2890 1854 2950 Dei
1884 2889 1916 2949 in
2028 2910 2029 2955 1

161 2985 321 3047 hendisse:
339 2998 431 3044 unum
464 2989 572 3063 autern,
600 2999 667 3064 uuae
693 2989 768 3044 retro
793 2986 883 3059 [sunt]
908 2986 1017 3045 oblitus
1057 2988 1256 3047 cordenostro
1277 2987 1314 3046 sit
1333 2985 1755 3062 primogenitumelmundus
1774 2983 1918 3043 habeatur

162 3091 269 3153 sequor
296 3074 332 3133 ad
360 3072 493 3132 bravium
520 3072 654 3147 supernae
682 3073 874 3131 vocationis:
900 3075 1183 3180 sequeucuuadam
1217 3076 1407 3134 extremitatis
1439 3076 1597 3149 adiectione
1631 3074 1818 3133 novissimus.
1851 3070 1919 3130 lllic
2002 3062 2029 3149 ’ζ

160 2894 230 2975 cum
251 2896 298 2955 dic

161 3160 186 3225 si
204 3161 449 3243 cornprehendam
465 3162 547 3236 (Ριιι.
565 3152 614 3232 int.
633 3161 748 3223 altatus
764 3161 843 3237 enim
859 3161 901 3221 illi
925 3162 1017 3221 luerat
1058 3162 1145 3221 etiam
1167 3162 1368 3225 Adonibezech
1390 3179 1532 3224 manuum
1555 3179 1589 3222 ac
1613 3163 1720 3239 pedum
1747 3159 1919 3221 aemunitate

160 3246 300 3339 stimulus
323 3240 429 3321 carrris,
452 3257 485 3327 ut
519 3266 578 3323 pon
608 3251 639 3309 in
675 3250 771 3309 labore
807 3250 1016 3323 succumberet,
1059 3252 1235 3327 praeciditur,
1253 3252 1324 3311 dum
1348 3252 1590 3325 malignusinter
1614 3252 1829 3312 sanctosviros
1856 3249 1919 3324 spi·
2028 3278 2029 3333 ι

161 3342 210 3411 sed
238 3340 270 3399 in
299 3355 368 3413 agro
392 3337 551 3417 Dominicaa
588 3339 691 3414 segetis
724 3338 888 3400 indefessus
913 3346 1014 3398 araret.
1060 3341 1143 3411 ritus,
1170 3347 1199 3399 et
1223 3340 1385 3413 incedendi,
1411 3348 1440 3400 et
1466 3342 1602 3417 operandi
1636 3341 1742 3400 virtute
1773 3338 1918 3414 privatur.
2028 3376 2029 3407 1

163 3428 234 3488 18⁰
248 3414 306 3490 ‘Hic
330 3422 382 3489 bos
402 3428 527 3517 insignis
547 3435 634 3525 atque
660 3430 803 3507 mirabilis
827 3431 885 3490 duo
903 3430 1019 3505 gerebat
1060 3431 1115 3502 Qui
1136 3431 1278 3491 nimirum
1295 3430 1367 3491 dum
1385 3448 1439 3491 sua
1457 3432 1580 3491 vulnera
1597 3430 1714 3505 patitur,
1735 3431 1799 3489 hare
1814 3428 1919 3489 eadem

158 3521 191 3581 in
213 3519 304 3595 capite
325 3534 443 3590 cornua,
455 3519 523 3596 quia
547 3519 605 3579 duo
630 3519 786 3579 ventilabat
809 3536 860 3594 per
878 3519 1018 3593 praedica·
1060 3537 1122 3581 sese
1139 3520 1206 3581 aliis
1222 3520 1357 3579 intulisse
1373 3521 1537 3594 gloriatur:
1557 3543 1571 3572 α
1590 3519 1788 3594 Septuaginta,
1809 3518 1918 3593 iuquit,

161 3602 248 3668 tiorris
281 3600 407 3677 officium
440 3613 629 3679 testamen&
658 3608 709 3681 uui
736 3624 805 3667 cum
834 3608 870 3671 ad
904 3607 1019 3667 Galatas
1059 3624 1150 3683 reges,
1170 3607 1327 3680 ιιιριιιιιιι
1345 3623 1487 3668 manuum
1509 3622 1543 3666 ac
1561 3608 1668 3682 pedum
1688 3604 1917 3672 summitatibus,
2028 3600 2029 3675 J

160 3701 266 3760 diceret
280 3702 383 3774 (Galat
397 3702 436 3768 tv)
454 3718 460 3758 :
478 3698 576 3777 Unum
595 3699 721 3758 Abrabae
740 3697 836 3756 lilium
857 3713 892 3756 ex
912 3696 1018 3756 ancilla
1059 3698 1229 3775 colligebant
1246 3698 1301 3757 sub
1315 3713 1414 3756 mensa
1428 3712 1493 3756 mea
1515 3696 1644 3756 ciborum
1666 3696 1823 3771 reliquias;
1843 3693 1921 3753 simet

161 3796 274 3860 natum,
289 3789 413 3866 alterum
429 3805 467 3848 cx
483 3788 573 3847 nobili
597 3787 719 3861 legitimi
739 3787 866 3861 coniugii
887 3786 1018 3847 libertate
1060 3785 1391 3858 leci,itareddiditmihi
1405 3786 1547 3845 Dominus
1557 3786 1655 3858 (ludia.
1671 3786 1701 3857 1).
1714 3808 1728 3836 ι
1746 3781 1919 3857 Septuagin-

161 3876 357 3959 progenitum,
380 3878 515 3955 protinus
536 3876 666 3936 addidit:
683 3901 696 3929 α
711 3876 805 3935 Haec·
822 3876 901 3935 enim
919 3898 930 3926 v
949 3883 1018 3935 sunt
1061 3884 1089 3937 ιι
1101 3877 1740 3953 scilicetregesseptuagintasuntlingnarum
1753 3876 1921 3949 discrepan-

161 3968 220 4027 duo
235 3972 404 4025 testamenta
418 3968 499 4038 (ibid.
514 3967 544 4039 r).
561 3965 641 4023 »Hic
655 3966 740 4022 etiam
758 3980 837 4023 more
851 3963 933 4023 bovis
946 3964 1018 4038 liga·
1060 3969 1134 4029 tium
1148 3966 1217 4025 181
1233 3968 1375 4039 nationes,
1396 3967 1505 4044 quibus
1523 3984 1616 4044 usque
1632 3967 1667 4026 ιι]
1690 3965 1848 4027 Salvatoris
1867 3963 1921 4022 ad·

153 4050 211 4137 ἰιι
221 4061 330 4135 arabat,
345 4061 397 4137 uui
413 4061 534 4139 vincula
544 4076 600 4145 sua
611 4076 687 4134 saepe
698 4067 912 4120 commemorat.
930 4059 1020 4130 Num·
1060 4066 1184 4119 ventum
1206 4059 1347 4131 antiuuus
1365 4058 1455 4117 bostis
1473 4065 1502 4116 et
1520 4066 1596 4118 recte
1613 4056 1776 4132 gradiendi,
1796 4062 1824 4114 et
1843 4054 1921 4115 bona

163 4148 234 4239 quid
250 4151 330 4227 enim
344 4157 414 4210 tnnc
425 4151 456 4209 in
469 4150 597 4209 vinculis
611 4164 668 4209 non
689 4149 797 4221 arabat,
815 4165 881 4208 curn
897 4150 934 4208 ad
950 4149 1018 4209 Phi·
1061 4147 1185 4208 faciendi
1201 4163 1321 4222 prorsus
1337 4147 1495 4207 abstulerat
1514 4147 1687 4207 facultatem.
1704 4145 1757 4206 Cui
1776 4144 1921 4203 nimirum
2028 4150 2029 4229 l

165 4241 311 4319 lamonem
329 4243 438 4296 ,catena
465 4238 637 4295 constrictus
663 4235 782 4295 aiebat:
807 4259 817 4285 ι
844 4235 966 4296 Obsecro
994 4245 1020 4295 te
1063 4237 1180 4310 utrique
1195 4235 1311 4309 gemino
1325 4235 1440 4295 vulneri
1456 4235 1587 4295 medetur
1603 4235 1769 4294 animarum
1789 4229 1922 4291 medicus
2028 4304 2029 4313 ἵ

21 4315 25 4340 ’
55 4368 60 4379 -
165 4343 217 4403 pro
236 4314 304 4385 ‘tilio
331 4341 404 4395 meo,
434 4340 521 4397 uuam
548 4325 636 4396 genui
663 4326 695 4384 in
721 4323 857 4395 vinculis,
885 4324 1021 4386 Onesimo
1064 4324 1185 4398 Ριιιιιιι,
1204 4341 1271 4384 eum
1289 4324 1381 4384 dicit:
1401 4349 1412 4378 «
1432 4324 1578 4384 Remissas
1597 4339 1713 4393 manus,
1733 4330 1759 4381 et
1779 4320 1923 4380 dissoluta

164 4406 291 4492 (Pliten.
311 4412 367 4483 tn).
386 4437 396 4466 ι
412 4412 468 4483 Qui
492 4413 578 4472 etiam
595 4419 734 4489 tanquam
756 4414 806 4473 bos
831 4414 964 4491 egregius
986 4415 1020 4473 ad
1063 4432 1159 4491 genua
1182 4416 1293 4490 erigite,
1310 4420 1340 4473 et
1363 4431 1477 4489 gressus
1502 4422 1593 4473 rectos
1618 4414 1702 4473 facite
1721 4413 1846 4490 pedibus
1871 4428 1923 4472 ve·

165 4504 312 4565 victimam
334 4500 502 4574 ducebatur,
518 4517 584 4561 cum
599 4501 710 4562 dicebat
725 4524 731 4563 :
749 4525 763 4557 «
784 4502 843 4577 Ego
867 4502 946 4563 enim
962 4481 1055 4578 Jamll
1065 4508 1151 4579 stris;
1168 4523 1206 4566 ne
1221 4506 1388 4567 claudicans
1401 4506 1467 4580 uuis
1482 4513 1566 4576 erret,
1583 4505 1675 4579 tnagis
1690 4509 1787 4563 autem
1802 4510 1924 4562 sanctur

166 4593 315 4666 immolor,
342 4598 370 4651 et
395 4598 509 4666 tempus
540 4608 613 4652 meaa
653 4591 837 4652 resolutionis
871 4593 959 4652 instat
986 4597 1025 4664 (ll
1065 4598 1157 4667 (hebr.
1187 4600 1251 4668 xrs).
1282 4619 1293 4647 ι
1321 4594 1520 4654 Adonibcaccb
1544 4595 1651 4671 quippe
1672 4597 1803 4651 hominus
1825 4595 1924 4661 mtmi-
2028 4608 2029 4611 ¹

169 4689 238 4744 Tim.
254 4688 307 4753 tv).
325 4707 336 4734 ι
353 4682 725 4759 bleritoergovenerabilis
747 4683 827 4744 locus
847 4684 963 4743 sortitus
979 4690 1022 4742 est
1062 4690 1116 4752 nia,
1132 4686 1178 4744 vel
1194 4687 1325 4742 hominm
1347 4689 1485 4742 contentas
1511 4686 1577 4739 narra·
1607 4681 1818 4755 interpretatur.
1850 4680 1924 4739 Ful·
2028 4720 2029 4735 ι

167 4758 353 4845 vocabulum,
370 4772 421 4830 ubi
438 4787 515 4830 nunc
528 4776 557 4829 et
569 4770 766 4849 spiritualium
787 4771 874 4831 houm
897 4773 1022 4833 trabitur
1063 4791 1129 4835 men
1146 4792 1214 4835 mox
1231 4781 1264 4835 nt
1278 4776 1384 4835 micare
1399 4774 1511 4849 incipit,
1527 4773 1622 4834 subito
1642 4772 1747 4833 delicit.
1766 4772 1820 4832 Per
1841 4771 1922 4847 unod

166 4870 305 4936 aratrum,
323 4870 350 4921 et
361 4860 524 4937 coelestium
549 4864 677 4939 segetum
693 4875 784 4934 usqne
795 4860 830 4918 ad
845 4878 939 4947 ιιιιιιιιι
954 4878 1019 4933 gra·
1061 4865 1200 4926 iudaicus
1216 4870 1307 4940 potest
1321 4864 1445 4939 intelligi
1465 4865 1600 4939 populus,
1618 4865 1669 4939 uui
1683 4862 1824 4922 nimirum
1843 4877 1920 4938 quo·

97 4966 101 4969 ·
168 4951 343 5027 nnm,qu0d
368 4956 411 5009 est
432 4947 565 5008 Christus
590 4948 684 5020 lesus,
703 4950 902 5010 accuminatur
927 4954 1020 5025 [aem-
1064 4957 1131 5015 dam
1153 4953 1236 5030 quasi
1254 4955 1367 5030 iulgore
1387 4955 1588 5027 micant,cum
1611 4954 1740 5013 dicerent
1757 4973 1763 5013 :
1780 4974 1795 5007 r
1813 4952 1923 5013 Omnia
2028 4938 2029 4945 ἵ

168 5041 306 5115 mutatur]
331 5055 461 5101 acervus.
484 5037 541 5111 Qut
571 5036 607 5098 dc
632 5038 784 5112 semetipso
809 5038 898 5098 dicit:
916 5061 930 5094 n
960 5041 1023 5101 Nisi
1064 5062 1132 5120 qnae
1145 5046 1282 5120 praecepit
1300 5045 1384 5104 nobis
1402 5044 1554 5116 Dominus,
1569 5049 1596 5104 et
1609 5043 1775 5113 audiemus,
1790 5041 1921 5101 ettacie·

167 5146 291 5204 granum
309 5132 445 5190 frumenti
460 5129 566 5189 cadens
579 5129 728 5189 interram
753 5137 898 5193 mortuum
924 5132 1021 5205 luerit,
1064 5150 1130 5195 mus
1152 5138 1240 5205 (bear.
1264 5139 1312 5205 ν);
1340 5158 1354 5186 a
1377 5134 1426 5194 sed
1446 5133 1671 5193 mandabamus
1695 5130 1817 5190 luxista
1834 5128 1923 5189 eade·
2028 5120 2029 5195 ,

169 5212 371 5298 ipsumsolum
384 5221 1023 5295 mauet3siverumortuuminerit,multum
1064 5223 1122 5297 bat,
1138 5242 1204 5286 cum
1219 5225 1345 5285 eervices
1364 5239 1430 5283 suas
1448 5222 1607 5283 tenebrosis
1627 5221 1811 5282 daemonibus
1833 5219 1925 5280 incli·
2028 5264 2029 5287 ,

169 5313 296 5372 fructum
310 5311 553 5383 adertttoanxrll.
570 5334 583 5360 »
1067 5313 1182 5372 rabant.
1210 5314 1264 5373 Per
1290 5312 1320 5373 id
1347 5327 1424 5384 vero,
1439 5311 1514 5389 quod
1540 5311 1647 5375 dicitur
1670 5315 1822 5371 contentus
1841 5308 1923 5379 vani,
2028 5318 2029 5339 ¹

206 5394 362 5457 cluniacus
398 5406 537 5479 praterea
574 5398 734 5475 spiritualis
761 5399 880 5476 quidam
905 5417 1024 5477 campus
1065 5402 1210 5476 gentilitas
1234 5400 1411 5481 designatur,
1432 5416 1498 5476 quae
1519 5406 1652 5460 contenta
1672 5397 1840 5459 visibilibus
1858 5397 1926 5456 ido·

170 5493 223 5560 est,
239 5485 289 5547 nbi
311 5485 418 5570 crelam
433 5492 460 5545 et
479 5493 552 5548 terra
576 5489 770 5575 congreditur,
783 5506 816 5549 ac
836 5489 916 5551 velut
936 5507 1031 5573 arena,
1067 5491 1112 5562 lis,
1130 5508 1190 5555 non
1207 5490 1345 5563 curabant
1367 5490 1474 5563 reverti
1496 5489 1531 5549 ad
1553 5488 1781 5553 misericordiam
1806 5488 1925 5551 Creato-

168 5574 346 5650 certaminis,
363 5575 415 5636 nbi
437 5575 597 5649 spiritualis
615 5594 695 5638 more
708 5579 840 5654 palestrae
853 5596 919 5643 caro
935 5580 1024 5657 tram-
1065 5580 1105 5639 ris
1117 5600 1124 5651 ;
1138 5587 1166 5641 et
1179 5582 1251 5644 dum
1270 5580 1401 5653 veritatis
1416 5580 1588 5663 leuprabant
1606 5578 1730 5652 cultum,
1743 5576 1830 5639 vanis
1848 5574 1925 5635 insi·
