4100 6209
305 260 413 316 945

1767 260 1946 321 VITA
1988 261 2048 322 S.
2091 258 2357 320 MAURI.

3715 260 3818 318 946

1404 641 1688 756 VITA
1777 637 2208 757 SANCTI
2307 636 2705 752 MAURI

662 889 959 940 Eptscom
1016 889 1397 940 GAESENAUS
1453 892 1539 939 ET
1593 883 2068 954 CONFESSORss,
2123 889 2207 935 Ex
2257 887 2511 936 ORDINE
2564 887 2620 936 S.
2681 885 3037 935 BENEmc‘n
3084 885 3438 935 Asstmpn.

1904 1032 2005 1112 <20
2043 1029 2207 1111 Jan.)

1451 1217 1618 1284 Cum
1642 1218 1817 1282 notis
1840 1216 2130 1281 loannis
2155 1214 2468 1280 Bollandi
2495 1215 2568 1281 S.
2598 1215 2658 1280 J.

944 1560 1359 1623 PROLOGUS.

370 1649 680 1724 Cupientes
722 1648 947 1724 aliquid
987 1649 1237 1708 scribere
1266 1649 1338 1708 ad
1379 1647 1623 1721 gloriam
1678 1647 1781 1705 Dei
1825 1646 2009 1705 nostri

294 1738 369 1797 de
412 1737 477 1797 Β.
533 1736 736 1796 Mauro
794 1735 1083 1809 pontifice,
1145 1737 1230 1796 sic
1307 1737 1639 1797 auditorum
1722 1733 2010 1793 desiderio

292 1827 620 1887 satisfacere
671 1825 959 1900 cupimuS,
1009 1830 1077 1884 ut
1145 1826 1319 1900 Juxta
1392 1825 1630 1900 digestas
1711 1823 2011 1883 relationis

294 1916 553 1987 modum,
613 1917 839 1976 veritati
891 1932 995 1991 per
1047 1916 1245 1976 omnia
1296 1916 1691 1976 consulamus.
1748 1914 2013 1975 Contem-

292 2004 528 2064 nendus
563 1999 778 2078 Quippe
827 2004 1104 2078 pincerna
1144 2010 1230 2063 est
1275 2005 1399 2078 qui,
1441 2005 1585 2064 dum
1618 2002 1742 2062 vini
1789 2004 2014 2077 copiam

285 2092 483 2165 jactat,
525 2093 726 2151 taecem
763 2106 997 2166 quoque
1034 2093 1330 2166 punienda
1370 2091 1691 2152 temeritate
1727 2091 2011 2166 propinat.

291 2183 601 2258 Improbus
648 2183 908 2259 opipator
965 2191 1092 2257 est,
1150 2186 1254 2260 qui
1313 2191 1470 2245 lanta
1523 2185 1838 2245 ambitione
1884 2185 2017 2244 aliis

291 2270 632 2330 convivium
691 2279 995 2346 praeparat,
1048 2281 1112 2332 ut
1166 2275 1228 2332 in
1287 2275 1660 2348 semetipsum
1708 2274 2013 2334 aestuantis

293 2358 467 2417 tamis
511 2358 850 2419 incendium
891 2361 1104 2419 saevire
1147 2363 1456 2435 permittat.
1504 2362 1873 2422 Temerarius
1919 2362 2010 2421 ni-

295 2445 621 2507 hilominus
675 2454 938 2508 narrator
965 2455 1050 2507 est
1084 2451 1208 2526 qui,
1238 2452 1380 2510 dum
1419 2451 1662 2510 laudum
1707 2450 2011 2524 praeconiis

290 2531 439 2591 alios
474 2533 754 2594 extollere
794 2535 1020 2605 nititur,
1048 2537 1172 2611 ipse
1209 2537 1394 2611 mergi
1431 2539 1493 2597 in
1540 2538 1806 2597 talsitatis
1850 2540 2008 2598 bara-

292 2623 492 2682 thrum
541 2637 656 2681 non
698 2630 947 2682 veretur.
979 2623 1260 2684 Nonnulli
1308 2625 1468 2682 enim
1511 2624 1627 2683 Deo
1675 2640 1737 2682 se
1785 2623 2008 2684 deterre

291 2710 651 2779 existimant,
702 2710 774 2780 si,
825 2711 897 2768 ad
946 2710 1255 2771 deferenda
1305 2711 1493 2771 laudis
1553 2714 1681 2785 ejus
1728 2710 2002 2785 insignia,

297 2798 560 2858 falsitatis
630 2806 976 2871 argumenta
1044 2807 1434 2874 componant;
1487 2800 1590 2874 qui
1631 2800 1910 2859 nimirum
1953 2800 2002 2859 si

2023 1561 2350 1624 Amateriae
2402 1560 2759 1621 abundantia
2803 1561 3074 1635 suppetit,
3127 1560 3252 1635 ipsa
3305 1560 3443 1634 styli
3495 1561 3807 1634 prolixitas

2091 1649 2359 1723 prohibet
2385 1649 2447 1708 in
2473 1649 3021 1709 talibusimmorari.
3045 1648 3155 1707 Hic
3173 1653 3395 1720 autem,
3427 1648 3529 1709 ubi
3556 1649 3630 1708 de
3652 1649 3803 1710 beati

2094 1738 2208 1797 viri
2236 1739 2548 1798 virtutibus
2577 1753 2757 1812 pauca
2778 1753 2914 1814 quae
2943 1737 3116 1797 scribi
3142 1736 3388 1796 debeant
3415 1743 3626 1811 praesto
3648 1744 3805 1809 sunt,

2097 1826 2304 1887 utilius
2354 1828 2704 1888 arbitramur
2772 1828 2844 1886 ad
2913 1827 3357 1888 aedificationem
3415 1826 3805 1894 audientium,

2097 1915 2168 1973 ad
2198 1931 2376 1989 quam
2421 1917 2614 1976 omnis
2658 1916 3039 1976 ecclesiastica
3088 1914 3336 1976 intendit
3391 1914 3710 1991 Scriptura,
3741 1916 3804 1975 in

2097 2005 2380 2079 prooemio
2448 2011 2645 2064 contra
2701 2003 3072 2063 mendacium
3144 2002 3413 2072 scribere,
3478 2018 3654 2078 quam
3702 2020 3807 2080 pro

2099 2093 2452 2153 narrationis
2483 2094 2678 2169 inopia
2715 2094 2901 2169 ipsam
2930 2092 3231 2153 historiam
3260 2092 3705 2154 mendaciorum
3735 2094 3805 2153 fi-

2101 2180 2275 2241 nibus
2302 2182 2604 2256 protelare.

2167 2271 2373 2345 Igitur,
2404 2288 2540 2346 quae
2567 2273 2638 2332 de
2663 2272 2784 2331 vita
2807 2270 2898 2332 vel
2928 2269 3226 2330 miraculis
3264 2271 3329 2331 Β.
3367 2270 3556 2330 Mauri
3585 2271 3658 2331 ad
3695 2288 3803 2333 no-

2094 2370 2270 2422 stram
2298 2362 2561 2422 notitiam
2586 2362 2891 2437 pervenire
2915 2365 3248 2436 potuerunt,
3268 2361 3440 2435 juxta
3467 2362 3622 2436 quod
3652 2377 3803 2436 quo-

2092 2449 2358 2510 rumdam
2386 2452 2808 2510 monachorum
2839 2463 2956 2508 non
2990 2447 3235 2507 omnino
3265 2447 3801 2522 contemptibilium

2092 2542 2374 2617 conjicere
2413 2541 2740 2601 narratione
2767 2538 3086 2614 potuimuS,
3117 2530 3387 2598 fidelibus
3413 2537 3627 2598 Christi
3656 2535 3802 2598 tide-

2091 2634 2222 2693 liter
2253 2633 2615 2693 intimamus.

2649 2716 2892 2781 CAPUT
2921 2714 3240 2776 PRIMUM.

2402 2813 2460 2869 S.
2493 2811 2680 2868 Mauri
2707 2810 3071 2881 episcopatus.
3103 2810 3163 2862 In
3203 2821 3259 2862 eu
3287 2812 3464 2874 pastu.

289 2888 507 2963 egregii
561 2888 953 2963 praedicatoris
1004 2889 1182 2950 verba
1238 2890 1546 2964 diligenter
1598 2892 2070 2984 attenderent,B
2159 2897 2241 2957 Eo
2278 2898 2471 2973 itaque
2517 2904 2771 2970 tempore
2814 2909 2951 2954 cum
2992 2893 3183 2952 aditur.
3243 2894 3496 2950 humana
3549 2890 3792 2950 Ecclesia

293 2977 427 3035 talia
474 2993 592 3036 non
640 2977 945 3037 sentirent.
977 2978 1073 3036 Ait
1117 2978 1274 3036 enim
1319 2979 1680 3039 Corinthiis:
1715 2983 1780 3039 Si
1823 2986 2004 3037 autem

290 3071 540 3128 Christus
588 3087 698 3128 non
753 3073 1075 3135 resurrexit,
1123 3074 1309 3128 inanis
1366 3089 1492 3141 erqo
1544 3079 1624 3130 est
1682 3074 2004 3145 praedicatio

288 3163 507 3223 nostra,
535 3175 681 3215 vana
728 3165 808 3215 est
833 3160 967 3230 fides
994 3164 1214 3226 vestrm
1242 3162 1551 3216 invenimur
1578 3165 1760 3215 autem
1788 3166 1840 3216 et
1865 3162 2007 3229 salsi

288 3252 450 3303 testes
497 3250 616 3311 Dei,
679 3249 937 3318 quoniam
1008 3251 1375 3304 testimonium
1434 3250 1681 3304 diximus
1741 3250 2004 3306 adversus

288 3339 477 3400 Deum,
534 3336 684 3407 quod
734 3338 1084 3392 suscitaverit
1134 3338 1431 3400 Christum,
1476 3354 1634 3408 quem
1683 3333 1833 3392 419
1895 3354 2005 3394 non

286 3426 577 3481 suscitavit
616 3427 664 3493 (1
691 3426 809 3484 Gor.
841 3423 968 3495 xv).
1007 3422 1342 3482 Secundum
1380 3424 1508 3483 haec
1533 3438 1669 3497 ergo
1692 3423 2000 3497 apostolica

289 3511 467 3570 verba
503 3512 690 3571 falsus
722 3510 880 3570 testis
910 3511 1029 3570 Deo
1054 3513 1261 3571 merito
1298 3512 1511 3572 dicitur
1534 3512 1658 3586 qui,
1688 3513 1998 3574 indiscrete

288 3617 425 3661 enm
471 3602 714 3676 cupiens
750 3600 1005 3674 laudare,
1056 3602 1371 3675 mentitur;
1412 3612 1467 3663 et
1494 3604 1774 3664 adversus
1811 3605 1997 3665 Deum

290 3689 693 3763 proculdubio
721 3691 983 3763 perhibet
1024 3693 1418 3751 testimouium
1457 3693 1726 3769 quisquis
1768 3693 1831 3752 in
1869 3694 1997 3768 ejus

286 3777 459 3838 laude
495 3794 765 3853 perversa
803 3778 1043 3839 molitur
1089 3786 1210 3839 arte
1255 3788 1669 3841 commentum.
1717 3781 1996 3856 Propheta

285 3881 520 3942 quoqne
575 3866 910 3927 terribiliter
960 3868 1214 3936 intonat,
1263 3869 1463 3928 dicens
1513 3892 1527 3926 ε
1582 3872 1764 3928 Odisti
1814 3888 1996 3929 omnes

284 3959 385 4026 qui
427 3960 722 4029 operantur
767 3959 1137 4028 iniquitatem,
1170 3959 1367 4031 perdes
1407 3975 1494 4016 eos
1549 3961 1649 4030 qui
1698 3961 1997 4031 loquuntur

281 4045 626 4101 mendacium
668 4046 836 4115 (Psal.
889 4047 967 4117 v).
1015 4044 1305 4105 Nimirum
1348 4045 1650 4105 manifeste
1699 4045 1995 4106 declarans

283 4136 443 4210 quia,
471 4137 621 4196 sicut
646 4137 836 4197 levius
870 4145 956 4195 est
991 4137 1151 4197 odire
1189 4154 1366 4213 quam
1402 4138 1661 4213 perdere,
1700 4139 1781 4197 ita
1817 4140 1991 4199 etiam

2086 2986 2394 3060 spatiosius
2418 2985 2606 3046 multo
2632 3000 2809 3061 quam
2839 2998 3000 3044 nunc
3036 2982 3464 3057 ptissussisumtn
3492 2986 3620 3054 jura
3668 2998 3796 3054 tim*

2088 3072 2367 3145 tenderet,
2420 3078 2478 3130 et
2539 3073 2695 3131 inter
2763 3076 2967 3130 caetera
3028 3068 3315 3127 Casurum!
3391 3070 3560 3122 atium
3640 3070 3796 3142 oppi-

2085 3163 2230 3223 dum
2262 3163 2408 3233 (150)
2442 3163 2777 3237 possideret,
2817 3160 3056 3234 contigit
3091 3174 3147 3218 ut
3187 3162 3379 3218 taniam
3423 3162 3656 3218 [bracena
3688 3178 3792 3218 suri·

2085 3252 2412 3328 privaretur
2434 3252 2717 3326 episcopo.
2749 3251 3014 3324 Cumque
3041 3247 3339 3306 ammas
3363 3250 3616 3322 punusezz
3656 3250 3736 3306 1Ιῆ
3756 3254 3792 3306 Η

2084 3346 2346 3400 cerneret
2382 3345 2649 3412 nepotem
2687 3354 2881 3406 suum,
2925 3339 3157 3397 beatum
3195 3335 3470 3395 videlicet
3497 3333 3790 3406 Maurum,

2084 3429 2372 3487 virtutum
2409 3427 2687 3499 gradibus
2719 3428 2789 3486 ad
2819 3427 2934 3486 alta
2959 3424 3364 3495 conscendere,
3396 3430 3452 3483 et
3480 3423 3542 3481 in
3576 3429 3792 3482 sanctae

2083 3517 2539 3591 conversationis
2590 3517 2783 3577 studio
2835 3530 2952 3576 non
3010 3515 3266 3589 segniter
3320 3512 3566 3588 vigilare
3617 3512 3789 3585 (152),

2081 3623 2406 3679 congruum
2438 3607 2609 3667 duxit
2645 3611 2711 3666 ut
2748 3605 2919 3665 talem
2942 3604 3135 3663 virum
3167 3603 3239 3662 ad
3269 3600 3636 3662 sacerdotalis
3664 3599 3790 3662 offl-

2078 3695 2154 3754 eii
2209 3694 2431 3769 apicem
2480 3700 2862 3771 promoveret,
2917 3698 3205 3767 quatenus
3249 3691 3485 3750 lucerna
3542 3688 3791 3764 Spiritus

2079 3783 2261 3845 sancti
2290 3799 2411 3843 non
2448 3784 2558 3844 sub
2598 3782 2791 3843 modio
2828 3781 3204 3851 delitesceret,
3233 3781 3356 3852 sed,
3384 3794 3560 3854 super
3585 3778 3791 3838 oende-

2076 3871 2305 3931 labrum
2354 3871 2556 3946 posita,
2595 3885 2799 3930 omnes
2835 3870 2937 3945 qui
2982 3869 3043 3928 in
3079 3868 3251 3929 domo
3296 3867 3400 3927 Dei
3437 3871 3577 3927 sunt
3611 3881 3791 3927 sacra)

2077 3961 2352 4022 doctrinm
2383 3961 2560 4020 radiis
2585 3960 2919 4020 illustraret.
2951 3958 3099 4031 Quid
3127 3958 3345 4033 plura?
3371 3956 3631 4017 Tandem
3660 3956 3790 4018 bea·

2078 4056 2170 4111 tus
2225 4049 2466 4109 Maurus
2508 4047 2818 4107 Caesenatis
2874 4047 3145 4107 Ecclesiae
3195 4046 3548 4118 cathedram,
3588 4044 3792 4105 divina

2075 4138 2436 4213 providentia
2484 4136 2825 4211 disponente
2848 4183 2863 4208 ‚
2905 4136 3174 4210 suscepit.
3209 4135 3426 4195 Idcirco
3463 4142 3653 4198 autem
3695 4136 3789 4194 vel

285 4224 646 4285 tolerabilius
681 4232 768 4284 est
804 4225 1174 4299 iniquitatem
1205 4244 1280 4286 ex
1319 4227 1661 4288 infirmitate
1698 4229 1991 4302 perticere,
2075 4227 2227 4300 regis
2252 4228 2355 4303 qui
2394 4234 2535 4286 tunc
2572 4227 2912 4301 imperabat,
2943 4230 3044 4284 aut
3080 4223 3264 4300 ipsius
3306 4224 3600 4299 apostolici
3640 4220 3788 4280 420

281 4328 460 4388 quam
487 4329 560 4372 ex
588 4314 782 4374 studio
809 4314 1108 4374 mendacia
1134 4317 1437 4376 fabricare.

366 4401 512 4461 ilinc
531 4404 786 4478 estquod
808 4418 907 4476 per
922 4403 1236 4463 Jeremiam
1258 4406 1330 4464 de
1352 4406 1729 4466 mendacibus
1743 4407 1955 4466 dicitur
1975 4427 1987 4466 ε

279 4496 587 4550 &memmi
630 4494 852 4562 linquas
899 4509 1030 4549 suas
1080 4496 1234 4566 loqui
1279 4495 1651 4563 mendaciumn
1692 4501 1754 4551 ut
1804 4497 1994 4567 inique

279 4587 504 4651 afferent
552 4583 937 4639 laboraverunt
983 4584 1116 4649 (Jer.
1141 4587 1251 4651 tx).
1298 4581 1409 4653 Qui
1456 4582 1614 4641 enim
1667 4582 1992 4656 simplicem

282 4670 587 4731 veritatem
640 4671 796 4731 ultro
835 4670 1086 4731 oblatam
1154 4672 1408 4746 proferre
1479 4673 1645 4733 facile
1707 4679 1988 4747 poterant,

278 4765 566 4832 satagunt,
604 4769 671 4819 ut
713 4759 1011 4819 mendacia
1051 4776 1185 4820 cum
1234 4760 1427 4820 labore
1464 4760 1815 4834 contingant.
1857 4760 1988 4832 Hic,

279 4846 331 4906 si
358 4847 493 4924 quis
521 4863 629 4908 nos
655 4848 846 4922 longae
881 4849 1238 4922 prael'atiouis
1278 4851 1422 4909 torte
1461 4851 1785 4925 redarguat,
1814 4857 1990 4924 atque

278 4934 335 4992 id
368 4936 522 5008 quod
551 4936 613 4995 in
647 4936 1114 4997 Machabaeorum
1157 4937 1306 4997 libro
1348 4938 1628 5012 scriptum
1666 4946 1749 4998 est
1791 4945 1988 4997 auste-

278 5043 378 5087 rus
429 5042 635 5088 censor
690 5035 938 5103 opponat
993 5045 1005 5085 :
1059 5031 1301 5087 Stultum
1356 5036 1455 5095 est.
1512 5030 1808 5104 inquiens,
1836 5039 1991 5091 ante

261 5118 564 5175 historiam
617 5121 866 5190 effluere,
923 5124 983 5177 in
1040 5124 1166 5193 ipsa
1216 5126 1397 5177 autem
1454 5122 1686 5179 historia
1745 5125 1992 5193 succinqi

278 5211 356 5278 (Π
404 5211 658 5268 Machab.
691 5215 798 5281 11);
844 5211 991 5269 hanc
1028 5209 1325 5270 reddimus
1360 5210 1661 5282 rationem,
1698 5212 1857 5288 quia,
1886 5212 1988 5272 ubi

2017 4284 2343 4392 Cpr-assulis
2400 4316 2498 4375 hic
2545 4316 2914 4390 interponere
2982 4315 3221 4374 nomina
3287 4313 3785 4387 praetermisimus,

2074 4406 2213 4480 quia
2239 4419 2374 4464 cum
2402 4403 2546 4478 ipsis
2580 4403 2681 4478 qui
2713 4402 2878 4463 nobis
2905 4402 3131 4478 reliqua
3159 4403 3396 4475 dictant,
3428 4404 3555 4462 haec
3578 4402 3790 4477 pariter

2075 4493 2435 4567 ignoramus.
2492 4491 2709 4552 Eorum
2769 4506 3025 4565 namque
3072 4488 3354 4548 vocabula
3408 4490 3471 4548 in
3529 4489 3790 4563 antiquis

2073 4585 2308 4662 quidem
2360 4583 2533 4642 tomis
2586 4582 2739 4654 (153)
2789 4598 2849 4640 se
2899 4581 3115 4640 vidisse
3166 4585 3640 4652 commemorant,
3689 4579 3790 4638 sed

2074 4692 2209 4738 cum
2232 4676 2437 4736 civitas
2463 4681 2597 4736 ante
2628 4678 2750 4734 ltaec
2787 4673 3039 4735 flammis
3077 4673 3286 4734 fuisset
3318 4677 3548 4744 exusta,
3576 4685 3788 4730 monu-

2077 4774 2269 4826 menta
2300 4780 2533 4841 quoque
2560 4765 2866 4839 perhibent
2899 4763 3078 4823 simul
3103 4763 3282 4822 fuisse
3318 4765 3679 4835 consumpta.

2144 4855 2293 4914 Cum
2325 4852 2506 4929 igitur
2543 4851 2634 4911 vir
2674 4851 2907 4912 Domini
2957 4850 3196 4912 Maurus
3239 4858 3354 4910 tam
3397 4849 3599 4910 arduae
3631 4863 3788 4909 curae

2073 4943 2183 5002 sibi
2241 4942 2636 5018 conspexisset
2687 4958 2838 5001 onus
2884 4941 3242 5016 impositum,
3297 4941 3444 5001 sicut
3496 4940 3568 4998 de
3627 4939 3788 4999 beato

2074 5031 2256 5092 Paulo
2308 5031 2518 5107 legitur
2568 5033 2718 5100 (Gal.
2768 5038 2834 5104 1),
2882 5046 3248 5107 nequaquam
3292 5028 3583 5106 acquievit
3624 5028 3785 5087 carni

2073 5130 2130 5181 et
2169 5120 2464 5194 sanguini,
2496 5120 2594 5179 sed
2631 5121 2803 5193 coepit
2830 5136 2890 5179 se
2939 5119 3001 5178 in
3043 5118 3261 5179 divinis
3292 5117 3587 5191 obsequiis
3629 5121 3784 5176 tanto

2075 5212 2504 5287 vigilantiorem
2561 5210 2816 5282 reddere,
2873 5217 3092 5285 quanto
3135 5209 3248 5269 sibi
3295 5213 3534 5270 noverat
3596 5212 3654 5267 et
3705 5211 3787 5266 tot

1654 5333 1686 5392 J
1693 5376 1707 5393 .
1747 5332 1841 5394 ΒΟ
1851 5333 2129 5394 LLANDI
2167 5331 2405 5394 NO'rAE.

341 5427 482 5494 (1⁵0)
576 5428 812 5482 Leander
890 5429 1134 5482 Albertus
1165 5450 1178 5480 ε
1218 5430 1509 5483 Catenates
1608 5431 1984 5494 conuocat-do·

277 5511 407 5552 rum
429 5500 757 5564 temporibus
776 5502 838 5554 in
863 5501 969 5568 Mc
994 5500 1145 5553 urbis
1184 5502 1356 5553 Roma
1389 5505 1703 5555 constanter·
1722 5501 1933 5555 hosen.

338 5571 478 5640 (151)
503 5570 780 5626 loannem
806 5571 882 5625 lv
912 5572 1058 5627 hunc
1086 5572 1257 5626 tuisse
1285 5573 1448 5627 tradit
1470 5572 1764 5628 Ferrarius.

2085 5505 2132 5554 ι
2147 5431 2284 5497 (152)
2303 5431 2590 5485 {enardus
2608 5430 2737 5484 hinc
2754 5432 2988 5497 probare
3007 5435 3248 5493 conatur,
3272 5431 3596 5486 monachum
3612 5430 3783 5487 tulsse

2132 5515 2355 5555 aarum.

2139 5573 2278 5644 (153)
2313 5575 2456 5639 sur„
2478 5572 2771 5628 codicibus.
