4100 6209
80 243 120 304 tta
322 289 326 294 .
816 233 942 298 sunno
960 233 1038 296 xit.
1754 239 1807 300 stt

81 364 134 443 qu'n
149 376 163 420 u
176 357 300 420 daurom
316 357 397 419 uocis
413 358 444 418 iu
460 358 573 419 εεεειιε
595 374 683 419 suum
696 360 796 435 incipit
819 355 1065 423 Euan-Amulius
1090 358 1137 419 uel
1164 333 1484 436 clmumspsstius'psr
1517 361 1609 420 ulium
1644 361 1804 435 quemlibet

78 453 175 534 geliun,
200 457 276 510 recte
303 450 395 509 leonis
423 450 540 510 sortitus
565 457 609 509 est
633 450 769 525 speciem.
799 450 857 510 Sed
884 451 909 510 si
946 464 1035 524 quam
1061 465 1111 523 per
1131 465 1164 509 os
1183 450 1259 508 beati
1282 450 1369 511 Marci
1392 452 1483 512 luisse
1503 451 1651 528 locutum,
1677 451 1748 510 adeo
1774 458 1806 512 ut

78 542 198 604 subtiliter
211 538 273 614 ipsu
292 537 445 612 Evangelii
463 539 527 610 ojus
547 539 628 613 origo
646 537 844 613 perpenditur,
860 553 908 597 or·
947 539 1008 611 ipsa
1029 537 1230 611 descriptionis
1249 539 1347 610 series,
1361 546 1387 597 et
1406 540 1476 599 ordo
1493 539 1648 599 uerborum
1666 555 1804 614 magnum

78 630 232 695 miseriora
245 628 337 689 suncti
357 628 482 704 Spiritus
501 628 531 687 iu
553 644 587 688 eo
600 629 776 704 dispensatio
796 627 908 704 reperi·
947 628 1091 687 contiueat
1109 635 1332 686 sacramentum.
1352 628 1445 701 Quod,
1464 635 1497 688 ut
1517 628 1633 688 lucilius
1650 629 1802 700 elucescat,

76 721 160 784 lunlu
182 720 256 779 banc
276 717 384 791 quippe
408 731 508 775 vocem
532 732 653 776 exorsus
679 718 796 792 erupit:
816 738 828 769 ι
845 716 908 776 lni-
948 715 1058 789 inipso
1077 713 1143 773 libri
1161 715 1224 789 eius
1242 717 1362 775 exordio
1381 733 1433 777 nos
1446 717 1574 777 breuiter
1591 717 1728 776 intimare
1745 732 1805 777 non

76 814 132 872 tium
141 807 285 881 Evangelii
295 807 365 866 lesu
377 804 494 872 Christi,
505 804 572 864 Filii
588 806 638 865 Dei
651 809 745 879 (Marc.
756 809 785 876 r).
802 830 812 856 ·
827 806 909 866 Sicut
948 803 1054 877 pigeat.
1419 797 1431 823 ⁸

73 902 244 974 scriptumest
258 896 289 955 in
304 894 552 968 lsaiapropheta:
574 895 675 954 «Eece
689 910 741 970 ogo
757 895 838 954 mitto
852 910 909 953 an·
985 891 1117 950 Primum
1136 905 1263 968 namque
1285 891 1458 952 miraculum
1479 892 1569 968 ponit,
1588 907 1647 967 quo
1661 892 1804 954 Dominus

74 989 153 1065 gelum
166 1001 263 1046 meum
278 984 460 1043 antefaciem
473 984 625 1058 tuamqui
641 985 813 1060 praeparabit
828 985 907 1044 uiam
948 980 1113 1040 daemoneuu
1134 995 1185 1054 per
1203 996 1252 1040 eos
1270 982 1398 1040 hominis
1414 982 1598 1055 clamantem,
1615 988 1707 1042 tacere
1729 999 1807 1058 pras·

73 1086 136 1139 mam
155 1083 220 1134 aute
247 1082 283 1134 te.
302 1072 366 1132 Vox
397 1073 549 1132 clamantis
574 1073 605 1131 in
632 1073 744 1132 deserto
771 1098 778 1131 ι
807 1074 908 1133 Parate
950 1072 1036 1147 cepit,
1051 1087 1177 1146 eumque
1188 1073 1321 1146 protinus
1335 1073 1458 1147 expulit.
1474 1099 1488 1124 α
1501 1073 1682 1148 obmutesce,
1699 1073 1806 1150 inquit,

72 1167 135 1225 ram
161 1160 285 1229 Domini,
314 1167 405 1220 rectas
430 1160 515 1219 iacite
542 1159 658 1219 semitas
684 1159 734 1219 [lei
765 1161 906 1220 nostri.»
950 1161 1093 1221 eteriab
1110 1161 1229 1220 bomine
1245 1165 1343 1232 (Mure.
1365 1166 1426 1236 rt.»
1449 1161 1614 1223 Secundum
1631 1164 1805 1224 miraculum

72 1253 206 1313 dsttbmus
231 1247 420 1308 autemdicit
447 1273 454 1307 ι
478 1268 493 1302 u
513 1248 601 1308 Liber
620 1249 815 1324 generationis
836 1250 906 1310 lesu
949 1260 1001 1324 est,
1027 1268 1086 1329 quo
1114 1252 1323 1313 febricitantem
1350 1270 1465 1315 merum
1490 1255 1578 1327 Petri,
1602 1255 1723 1330 depulso
1746 1256 1809 1331 typi

71 1341 159 1402 Christi
177 1339 233 1398 lilii
256 1337 349 1398 Dauid
370 1340 481 1408 (Motth
498 1343 532 1408 ι).
547 1359 562 1393 s
577 1338 652 1409 Quid
677 1346 719 1398 est
743 1354 811 1413 ergo
828 1339 907 1414 quod
948 1341 1052 1414 calore,
1077 1341 1190 1401 sanavit
1213 1343 1311 1415 (illul.
1339 1343 1469 1403 Tertium
1496 1352 1548 1418 esi,
1577 1359 1636 1418 quo
1660 1347 1807 1421 leprosum

71 1432 110 1491 ille
137 1429 213 1500 dicit,
245 1427 313 1488 Filii
335 1427 406 1500 Dei3
433 1428 498 1499 iste,
526 1427 581 1486 lilii
606 1427 709 1500 Dauid,
737 1429 795 1489 nisi
828 1429 907 1504 quod
948 1431 1041 1505 tetigit
1063 1438 1091 1490 et
1109 1431 1243 1506 purgarit
1267 1432 1369 1505 illidi.
1385 1431 1525 1502 Quartum
1544 1448 1660 1508 quoque
1684 1440 1807 1511 est,quo

70 1535 111 1594 per
121 1532 225 1593 organa
238 1532 291 1577 sua
308 1517 432 1591 Spiritus
442 1522 559 1576 sanctus
573 1517 739 1577 mediatoris
752 1517 803 1576 liei
816 1524 845 1576 et
858 1518 908 1577 bo
949 1520 1140 1597 paralyticum
1165 1520 1339 1594 grabbatum
1371 1520 1472 1581 tollere
1500 1528 1528 1581 et
1562 1522 1642 1581 abire
1675 1523 1810 1598 pracepit

71 1606 165 1666 ninum
176 1611 358 1666 εεειειεεειε
372 1603 515 1673 distinxit,
533 1611 566 1663 nt
580 1621 630 1680 per
640 1605 765 1666 alterum
778 1620 847 1666 eum
863 1605 908 1664 Fi·
949 1613 1045 1684 (Mors.
1061 1611 1101 1684 ιι).
1125 1608 1181 1680 Qui
1205 1608 1340 1669 uidelicet
1358 1609 1439 1682 ordo,
1457 1609 1483 1669 si
1505 1610 1637 1684 diligenti
1660 1627 1730 1672 eura
1745 1628 1808 1688 per·

70 1696 129 1756 lium
139 1692 742 1769 bui,perutterumostcnderetessebttum
759 1693 1094 1793 homiuisinpenditur,
1118 1696 1270 1757 manifeste
1306 1698 1389 1758 docet
1421 1705 1528 1774 quanta
1562 1700 1721 1775 magisterii
1746 1706 1806 1759 arte

72 1784 201 1859 Tanquam
221 1783 300 1842 euim
320 1799 372 1857 per
390 1784 479 1843 unius
495 1783 574 1843 tibia
594 1783 653 1843 duo
672 1782 841 1857 spiramina,
860 1785 904 1842 uel
949 1786 1076 1861 Spiritus
1099 1793 1214 1846 sanctus
1238 1786 1391 1846 scribentis
1411 1789 1557 1848 calamum
1582 1790 1693 1861 tenuit,
1719 1797 1748 1848 et
1770 1789 1806 1848 ad

70 1872 148 1947 potius
164 1887 216 1946 per
235 1872 309 1931 duas
326 1871 561 1932 Ecclesiasnares
580 1873 906 1948 unusedluitspiritus,
948 1873 1154 1934 declarandum
1196 1875 1402 1951 redemptionis
1441 1877 1579 1937 bumana
1620 1880 1803 1955 mysterium,

70 1963 126 2022 dum
137 1963 278 2022 incarnati
296 1961 384 2023 Verbi
398 1964 453 2023 iste
464 1963 607 2037 divinam,
622 1964 672 2024 ille
690 1966 906 2040 generationem
948 1964 1031 2039 quasi
1052 1980 1103 2038 per
1124 1966 1282 2040 quamdam
1306 1966 1425 2037 lineam,
1443 1968 1542 2025 omnia
1564 1967 1753 2040 dispensavit.
1772 1968 1805 2028 In

68 2050 184 2111 descnbit
202 2053 375 2113 humanam.
948 2054 1105 2129 dejectione
1124 2070 1250 2129 namque
1267 2055 1355 2130 primi
1375 2055 1503 2115 bominis
1516 2056 1659 2131 principio
1673 2056 1806 2118 diabolus

97 2141 146 2202 Sed
165 2157 284 2201 mouera
306 2149 408 2218 potest,
427 2159 479 2203 cur
508 2143 610 2203 beatus
633 2145 810 2220 euangelista
830 2146 908 2205 blar-
949 2148 1063 2209 locutus
1087 2153 1140 2221 est,
1168 2166 1201 2209 uc
1224 2165 1344 2223 pomum
1364 2149 1487 2208 vetitum
1509 2148 1620 2208 comedi
1644 2150 1803 2222 persuasit;

68 2248 117 2305 uus,
138 2240 287 2309 postquam
314 2233 477 2310 positurum
501 2250 532 2294 se
558 2234 643 2296 lsaiae
660 2236 748 2296 uerba
764 2237 907 2312 promisit,
948 2237 1264 2314 deindemulier,quia
1278 2238 1309 2297 in
1324 2237 1522 2296 delectationis
1540 2237 1804 2311 concupiscentiam

68 2337 116 2380 non
129 2323 259 2396 protinus
280 2322 373 2394 lsaiae,
387 2317 436 2382 se‘d
457 2322 607 2383 Malachiae
626 2325 722 2399 polius
738 2325 813 2384 dicta
838 2325 908 2385 sub·
948 2328 1067 2402 corruit,
1094 2327 1176 2388 velut
1201 2329 1352 2388 aestuantis
1378 2327 1510 2388 ardorem
1550 2326 1639 2386 tebris
1669 2326 1803 2387 incurrit.

67 2408 161 2481 intulit,
176 2410 280 2486 sicque
293 2412 475 2484 postmodum
495 2413 532 2472 ad
550 2411 636 2473 lsaiae
654 2412 741 2472 verba
753 2412 909 2488 peruenit?
948 2418 1041 2477 Adam
1059 2433 1126 2477 vero
1143 2425 1294 2491 postquam
1318 2417 1472 2502 defructu
1493 2414 1566 2489 ligni
1583 2414 1659 2473 male
1681 2430 1805 2473 consen·

68 2495 128 2555 llam
140 2497 217 2573 quod
234 2498 461 2573 praemittimus
478 2499 551 2558 Ecce
564 2499 794 2575 mitteangelum
809 2514 907 2559 meum
949 2507 1047 2567 tiendo
1058 2507 1186 2582 gustavit
1201 2507 1275 2576 seen.
1292 2509 1347 2577 stul,
1367 2504 1501 2564 omnium
1519 2518 1589 2562 mox
1608 2504 1747 2563 uitiorum
1763 2503 1806 2562 le·

67 2589 129 2655 (nst.
148 2593 200 2662 ¹1¹).
226 2609 238 2639 ¹
262 2586 418 2647 Malachiaa
435 2588 565 2663 ambibit,
591 2588 643 2665 (tui
667 2589 846 2648 novissimus
866 2593 910 2647 aab
947 2613 998 2673 pra
1011 2596 1164 2671 perfusus3
1184 2601 1329 2668 postremo
1347 2593 1445 2662 eliam,
1465 2599 1603 2666 tanquam
1619 2591 1806 2666 paralyticus,

67 2673 201 2735 dlffloeiffi
229 2678 443 2751 willebadum·
467 2676 550 2747 Quod
572 2686 671 2738 alliam
697 2676 906 2752 flssblssssssiffll²
948 2685 1090 2746 acunctis
1106 2684 1190 2745 bonis
1207 2682 1345 2757 operibus
1365 2689 1409 2740 est
1425 2681 1573 2740 interioris
1590 2680 1719 2740 bominis
1741 2681 1807 2740 lan-

67 2762 146 2824 ·V01
167 2764 324 2826 clamantib
344 2766 376 2825 in
397 2765 508 2826 dasem
529 2770 606 2836 (isui.
634 2771 698 2839 ab),
724 2788 735 2819 ¹
759 2766 844 2826 1⁸³1ae
866 2774 909 2826 0⁸⁸
947 2792 1037 2851 guore
1056 2774 1236 2835 constrictus.
1250 2772 1324 2845 Quia
1341 2788 1408 2846 ergo
1425 2771 1519 2832 Filius
1537 2772 1599 2843 Dei,
1624 2772 1699 2831 sicut
1716 2772 1807 2832 ioan-

67 2856 252 2918 indubitanter
277 2856 440 2919 oraculum.
460 2859 519 2917 dur
543 2873 612 2932 ergo
638 2858 690 2932 qni
717 2856 822 2916 Isaians
846 2872 910 2931 pro
947 2880 1000 2925 nes
1024 2863 1171 2939 apostolus
1195 2861 1286 2931 dicit,
1311 2861 1458 2920 destruere
1484 2861 1563 2920 venit
1587 2875 1675 2935 opera
1698 2859 1805 2919 diaboli

67 2944 142 3016 nisit,
164 2962 224 3006 non
250 2961 321 3006 mox
339 2944 443 3006 isaiam
465 2946 600 3019 reddidit,
617 2945 667 3004 sed
687 2943 861 3004 Malachiam
877 2945 910 3020 in,
950 2953 1201 3026 tttoon.111),per
1222 2952 1352 3009 eamdem
1375 2950 1454 3008 uiam
1476 2955 1645 3021 persecutus
1669 2953 1711 3006 est
1732 2962 1807 3007 mor

67 3039 251 3099 testimoninm
270 3038 353 3114 prius
369 3037 514 3098 adduxit?
534 3036 676 3113 Nunquid
697 3037 784 3097 homo
804 3034 908 3110 spiritu
951 3049 1019 3114 tem,
1036 3055 1094 3116 qua
1112 3039 1162 3098 illa
1179 3039 1309 3113 ingressa
1328 3037 1422 3097 luerat
1438 3038 1470 3096 iu
1486 3037 1586 3096 orbem
1600 3043 1754 3095 terrorum.
1769 3031 1805 3093 Et

67 3125 108 3185 ssei
123 3126 234 3202 plenus,
254 3128 415 3202 umbertim
430 3128 461 3186 ib
479 3128 541 3202 ittae
559 3139 622 3186 suae
637 3125 811 3185 narrationis
828 3139 911 3183 exot-
952 3131 1001 3191 ubi
1027 3130 1124 3189 iusum
1138 3134 1181 3188 est
1203 3127 1372 3203 perditionis
1393 3134 1500 3186 nostrae
1523 3140 1680 3196 uenenum,
1694 3124 1808 3183 anima-

65 3214 112 3284 lio,
123 3215 166 3275 vel
187 3232 288 3276 errare
304 3217 408 3292 potuit,
427 3217 474 3275 uel
492 3215 629 3287 mentiri;
651 3213 754 3291 utqui
776 3213 910 3273 Veritatis
952 3235 1016 3278 rum
1044 3218 1173 3277 medicus
1190 3216 1292 3277 salutis
1308 3215 1412 3290 objecit
1432 3216 1606 3285 antidotum,
1621 3221 1709 3288 alque
1726 3214 1806 3274 unde

65 3304 450 3378 msndoecriberet,librum
464 3321 553 3366 suum
567 3306 717 3368 mendacio
730 3304 910 3366 dedicasset?
951 3316 1073 3366 mortem
1111 3306 1202 3366 hostis
1234 3303 1358 3363 callidus
1389 3302 1563 3374 introduxit,
1591 3319 1643 3376 per
1668 3303 1805 3362 eumdem

65 3393 111 3454 teu
131 3396 185 3456 boc
203 3395 331 3455 docendi
350 3394 514 3470 magisterio
537 3395 644 3455 iactum
669 3403 722 3469 est,
742 3402 775 3457 nt
792 3396 824 3455 in
847 3395 910 3468 ipso
950 3397 1094 3457 tramitem
1108 3395 1281 3469 Redemptor
1306 3400 1404 3453 noster
1431 3392 1578 3451 redeuntis
1595 3391 1664 3450 uitae
1681 3392 1806 3466 primor-

65 3481 200 3559 lltangelii
213 3484 265 3545 sui
287 3485 429 3561 principio
451 3484 576 3560 Spiritus
599 3493 725 3558 sanctus,
740 3486 824 3561 cujus
848 3485 910 3560 ipse
949 3492 997 3552 dia
1011 3490 1189 3559 relormauit,
1202 3492 1345 3563 quatenus
1358 3493 1385 3545 et
1399 3484 1559 3551 diabolum,
1572 3483 1626 3557 qui
1639 3481 1671 3540 iu
1685 3482 1804 3539 ruinam

61 3582 148 3632 ²⁰⁰²&
172 3581 247 3646 ⁶18⁸,
277 3565 492 3634 ῡθῖθῦᾱθῑθῖθρ
518 3587 614 3633 unum
639 3574 834 3649 eumdemque
858 3589 910 3648 bel
950 3588 1078 3642 nostram
1101 3578 1216 3638 locutus
1238 3577 1341 3644 tuerat,
1359 3576 1479 3650 jamjam
1502 3580 1593 3632 tacere
1612 3569 1805 3645 compelleret,

61 3662 180 3722 omnium
202 3664 413 3739 prophetarum
434 3678 485 3722 ora
507 3662 597 3723 luisse
619 3664 758 3736 locutum,
775 3672 807 3724 ut
831 3664 908 3740 quod
948 3676 977 3732 et
997 3671 1088 3730 Evam
1108 3686 1126 3729 a
1145 3666 1275 3728 lebribus
1298 3666 1448 3726 aestuamls
1468 3661 1711 3739 concupiscentie
1729 3660 1803 3719 libe·

58 3748 88 3806 ὼ
102 3767 159 3812 ¹1⁰⁰
182 3752 351 3828 ⁶906&in
368 3752 476 3812 <ficibus
496 3752 533 3811 ab
557 3750 695 3813 Omnibus
717 3752 910 3813 fflfflfflllssilet
948 3770 1163 3837 ruret‚atquea
1182 3758 1245 3820 uiro
1269 3774 1328 3818 non
1347 3756 1433 3817 modo
1453 3755 1563 3829 lepram
1585 3752 1722 3813 uitiorum
1741 3765 1806 3810 sce-

58 3840 216 3910 lltlffllur·
948 3853 1102 3925 lusumque
1125 3851 1293 3926 detergeret,
1314 3847 1363 3907 sed
1385 3845 1520 3907 eumdem
1544 3857 1660 3919 qnoque
1687 3847 1806 3900 εειεεεε

83 3928 230 4008 Quidquid
252 3946 321 4007 ergo
340 3931 410 4018 dicit
431 3930 596 4005 blalaebias,
619 3930 690 3990 dicit
714 3929 910 3992 nibilominus
948 3936 1139 4013 paralyticum
1167 3936 1204 3996 ad
1231 3935 1393 3996 exercenda
1417 3931 1533 4009 pietatis
1562 3944 1648 4006 opera
1672 3925 1805 3987 ualidum

54 4026 77 4078 ²¹
91 4019 235 4096 Mami
256 4025 493 4100 uniuscujusque
513 4023 602 4084 uerba
620 4038 671 4097 per
687 4023 829 4083 unitatem
848 4024 908 4098 spi-
948 4028 1132 4103 liberumque
1144 4026 1265 4086 laxaret.
1280 4023 1360 4084 Sicut
1372 4039 1440 4098 ergo
1449 4022 1481 4081 in
1492 4021 1552 4081 illis
1560 4018 1663 4097 primis
1675 4016 1807 4077 bomini·

52 4114 116 4175 ribus
134 4117 172 4177 ab
195 4117 341 4179 omnibus
359 4123 429 4178 sunt
450 4117 570 4193 prolata.
585 4116 619 4176 In
642 4131 701 4193 quo
723 4117 812 4176 etiam
831 4116 908 4176 illud
948 4117 1002 4176 bus
1013 4123 1106 4176 totum
1117 4116 1201 4191 periit
1212 4130 1304 4188 genum
1316 4114 1492 4182 humanum,
1504 4108 1588 4170 sicin
1600 4107 1692 4167 istisa
1705 4105 1804 4167 Salva·

53 4201 143 4266 beatus
170 4209 356 4283 euangelista
377 4209 471 4281 duret,
490 4215 522 4268 ut
545 4208 571 4267 si
589 4208 660 4283 quid
682 4206 745 4283 ipse
766 4205 906 4284 loquitur,
948 4211 1009 4265 tore
1025 4204 1134 4263 curratis
1151 4210 1193 4262 est
1216 4202 1271 4264 sub
1289 4204 1392 4278 figurae
1411 4199 1548 4276 mysterio
1564 4197 1651 4258 saluti
1672 4195 1805 4272 pristinas

50 4294 149 4365 quoda
165 4297 288 4358 mteris
306 4297 494 4372 evangelistis
512 4296 647 4357 videatur
664 4312 728 4357 esse
745 4298 906 4368 diuersum,
948 4295 1128 4354 restitutam.

51 4394 132 4442 unum
146 4389 255 4445 tamen
271 4384 474 4460 intelligantur
488 4399 589 4444 omnes
603 4385 731 4459 proferre
744 4399 945 4494 sermonemD
985 4383 1020 4443 ln
1045 4383 1138 4458 capite
1163 4382 1253 4458 igitur
1273 4379 1433 4456 evangelici
1456 4377 1545 4452 hujus
1566 4375 1633 4437 libri
1655 4376 1803 4435 studiosus

49 4481 92 4540 ber
110 4473 186 4548 ejus,
213 4474 272 4549 qui
296 4476 329 4533 iu
350 4474 487 4535 omnibus
509 4473 649 4549 loquitur,
669 4474 761 4533 sancti
782 4470 908 4546 Spiritus
951 4473 1039 4533 lector
1051 4471 1180 4532 addiscat
1192 4470 1340 4546 sequentis
1357 4468 1425 4541 styli
1441 4466 1531 4526 series
1545 4479 1635 4539 quam
1649 4463 1803 4539 protunda,

49 4561 192 4622 mitatem.
223 4563 312 4623 Unde
337 4562 411 4623 sicut
437 4563 470 4623 in
498 4561 655 4638 prophetis,
683 4562 724 4620 sic
756 4560 843 4620 etiam
875 4561 907 4619 in
950 4576 1038 4636 qnam
1059 4560 1181 4635 mystica
1209 4559 1417 4619 charismatum
1444 4559 1624 4614 sacramenta
1648 4553 1803 4612 ooutiueat.

47 4651 231 4723 erangelislis
262 4667 448 4727 nequaquam
473 4651 626 4711 scribentis
651 4650 779 4710 bominis
819 4648 907 4708 mini-
951 4650 1009 4709 Noc
1028 4648 1147 4719 mirum,
1160 4662 1227 4707 eum
1251 4646 1325 4707 liber
1345 4645 1396 4704 ille
1417 4659 1476 4703 non
1503 4642 1569 4719 plus
1599 4642 1687 4701 blarci
1716 4656 1805 4716 quam

47 4739 125 4797 serio
149 4742 191 4798 sit
219 4739 373 4800 diversum
395 4739 471 4816 quod
494 4755 553 4800 una
570 4738 704 4799 dictantis
727 4737 908 4812 Spiritusest
951 4739 1027 4799 Petri
1044 4738 1233 4812 perhibeatur
1253 4735 1383 4810 apostoli.
1397 4732 1546 4809 Quidquid
1560 4730 1640 4792 enim
1663 4731 1717 4790 iste
1733 4728 1804 4788 scri-

46 4830 215 4888 auctoritate
241 4829 398 4904 prolatum.
426 4829 584 4889 linimuero
610 4829 745 4905 quisquis
774 4827 908 4901 Evange-
950 4829 1017 4903 psit,
1035 4842 1072 4885 ex
1091 4842 1141 4885 ore
1159 4825 1234 4885 beati
1253 4823 1384 4898 magistri
1405 4821 1538 4892 callidus,
1554 4827 1586 4880 ut
1607 4820 1647 4879 ita
1667 4818 1804 4889 dixerim,

45 4914 111 4976 linus
136 4919 221 4979 beati
249 4917 339 4977 Marci
359 4917 460 4979 subtili
486 4918 671 4978 meditatione
695 4917 864 4987 considerat,
881 4922 910 4974 et
951 4917 1116 4992 explorator
1134 4913 1257 4974 audivit.
1285 4912 1352 4973 Fuit
1372 4912 1461 4983 enim,
1476 4912 1551 4970 sicut
1573 4907 1740 4968 authentica
1760 4905 1807 4965 bi-

45 5003 102 5077 alta,
119 5016 155 5068 nt
177 5008 312 5083 dignum
334 5013 387 5079 est,
402 5007 586 5083 indagatione
611 5013 770 5080 pertractat,
787 5006 910 5066 rudibus
951 5009 1106 5070 storiarum
1132 5006 1218 5065 tradit
1244 5004 1411 5081 antiquitas,
1428 5001 1513 5062 levita
1530 4999 1691 5060 secundum
1710 4996 1806 5056 earnis

44 5098 157 5168 quidem
185 5105 219 5158 et
254 5112 313 5156 nun
338 5098 480 5157 accuratis
517 5098 692 5172 descriptum
725 5097 832 5167 uerbis,
859 5096 909 5157 sed
950 5101 1105 5175 originem,
1120 5098 1251 5158 sacerdos
1264 5097 1296 5155 in
1312 5095 1398 5157 lsrael
1414 5092 1574 5153 secundum
1587 5089 1699 5151 ordinis
1713 5088 1807 5161 digni·

46 5187 201 5249 uberrimis
225 5189 360 5248 inueniet
383 5189 507 5250 adeledis
527 5189 728 5264 intelligentiae
746 5190 910 5250 redundare
951 5197 1048 5250 tatem.
1064 5187 1227 5247 Conuersus
1248 5186 1284 5245 ad
1299 5185 1396 5254 fidem,
1414 5184 1506 5242 iaetus
1523 5185 1565 5242 est
1583 5178 1660 5239 beati
1682 5177 1759 5237 Petri
1774 5178 1803 5235 iu

44 5279 202 5352 mysteriis.
226 5275 284 5336 Est
298 5276 383 5352 plane
401 5279 469 5354 styli
492 5278 632 5339 brevitate
648 5279 840 5351 succinctum,
860 5279 909 5339 sed
951 5278 1120 5353 baptismate
1133 5275 1317 5348 tribuantque
1330 5275 1360 5333 in
1373 5272 1473 5331 divino
1486 5284 1619 5328 sermone
1633 5267 1805 5342 discipulus.

43 5369 187 5440 protunda
213 5367 354 5440 mysterii
374 5368 514 5444 spiritalis
536 5366 584 5426 66
605 5370 734 5429 ubertate
756 5369 907 5429 diffusum.
931 5359 1141 5440 'Evangelium
1157 5365 1189 5422 in
1204 5362 1296 5433 ltalia,
1312 5360 1448 5435 magistro
1466 5359 1621 5430 nesciente,
1636 5357 1804 5430 descripsit3

43 5452 272 5516 Perscrntantea
290 5471 418 5535 namque
439 5473 540 5518 omnes
561 5458 621 5517 iere
640 5458 761 5534 paginas
784 5457 911 5532 Scriptu·
950 5456 1127 5530 descriptum
1163 5469 1232 5515 reru
1267 5445 1330 5528 eius
1360 5449 1472 5525 judicio
1503 5453 1668 5509 reverenter
1690 5447 1805 5508 obtulit.

41 5557 145 5621 nrum,
179 5545 328 5606 invenire
351 5546 403 5608 uix
433 5563 587 5624 possumus
617 5547 751 5624 spiritum
781 5545 910 5607 veritatis
950 5547 1017 5620 Qui,
1033 5546 1115 5620 pium
1125 5549 1214 5624 atque
1228 5541 1395 5617 religiosum
1409 5538 1588 5620 comperiens
1606 5538 1718 5598 lurtum
1731 5551 1803 5610 gau-
