4100 6209
184 248 310 367 ui,
445 291 474 352 s.
498 290 608 351 earm
630 291 787 351 nautam
807 292 886 352 ore.
908 292 1004 353 exus
1025 278 1096 352 s'nu
1115 291 1242 354 nouus
1261 290 1284 355 1.
1305 325 1340 337 -
1359 292 1476 355 nerse.
1499 295 1570 359 mn
1592 298 1669 361 vm.
1879 306 1930 368 sta

187 442 201 469 ι
220 417 291 476 licre
313 417 411 476 vocavi
436 433 472 476 ex
498 420 615 477 nomine
636 417 763 477 Beseteel
782 417 874 477 tilium
894 417 969 478 Huri
1002 417 1162 492 deAperii,
1178 419 1249 478 dum
1272 421 1326 478 snb
1346 410 1601 497 regiae'dignitatis
1618 441 1762 499 occasum,
1777 428 1847 488 dum
1869 445 1929 489 ma·

187 505 263 564 tribu
281 505 367 576 luda,
387 514 415 562 et
434 503 553 577 implevi
576 519 643 563 eutn
667 504 770 577 spiritu
796 505 857 578 Dei,
888 504 1038 580 sapientia,
1057 509 1137 565 -rini
1162 508 1338 568 discriminis
1367 510 1471 571 metuit
1493 527 1562 571 vero
1587 516 1761 587 periculum,
1790 518 1931 592 religiosa

185 593 375 668 intelligentia
392 601 419 653 et
434 595 553 653 scicntia
566 594 595 652 in
609 594 688 652 omni
707 610 802 668 opere,
818 595 854 653 ad
873 595 1037 668 excogitan·
1079 596 1191 656 fraudis
1208 597 1374 671 aggreditur
1393 607 1608 674 argumentum.
1632 603 1716 663 Dedit
1731 620 1799 680 ergo
1814 608 1933 680 remigi·
2023 596 2024 643 1

185 681 255 742 dum
270 683 412 757 quidquid
434 684 573 743 hrbrelieri
595 684 697 758 poterit
715 700 753 742 ex
767 701 847 753 auro,
863 692 890 743 et
909 692 1038 757 argento,
1079 685 1135 743 bns
1164 686 1218 745 hoc
1248 687 1427 759 mandatum,
1454 697 1486 747 nt
1510 690 1678 750 nullatenus
1705 691 1828 752 Romam
1858 702 1934 754 recta

185 776 213 830 et
235 786 301 842 aere,
328 784 479 840 marmore,
500 781 528 830 et
551 774 684 847 gemmis.
709 781 736 832 et
761 774 927 833 diversitate
945 775 1039 847 ligno·
1082 777 1279 848 progressione
1298 777 1515 847 contenderent,
1536 777 1586 837 sed
1613 795 1664 853 per
1685 780 1814 840 diversos
1835 790 1934 857 portus
2023 780 2024 789 ’

187 875 251 918 rum
267 879 273 918 ε
290 860 413 936 dedique
427 862 452 919 ei
466 863 578 922 socium
592 863 715 923 Hooliab
728 864 896 923 hehisamec
908 863 944 922 de
960 863 1039 922 tribu
1079 882 1112 923 ac
1138 865 1265 925 littorum
1290 868 1425 928 stationes
1461 868 1645 928 subsistendo
1679 886 1713 928 ac
1750 873 1934 946 reprimendo

185 949 259 1021 Dan,
275 957 304 1010 et
318 950 348 1009 in
376 952 460 1011 corde
474 954 569 1012 omnis
582 954 688 1012 eruditi
709 954 790 1028 posui
809 952 989 1027 sapientiam,
1006 958 1038 1011 ut
1081 957 1240 1030 navigium,
1266 959 1320 1018 iter
1343 960 1541 1019 tantummodo
1565 960 1746 1020 simularent.
1776 958 1832 1022 Sed
1862 964 1935 1023 dum

185 1038 291 1097 iaciant
319 1048 422 1100 cuncta
449 1057 515 1116 quea
535 1043 670 1116 praecipio
687 1041 764 1102 tibi?
784 1067 793 1090 s
818 1044 919 1111 (and.
937 1042 1037 1111 xxxx.)
1082 1054 1176 1106 nautae
1198 1065 1304 1123 regem,
1329 1058 1361 1108 ut
1386 1049 1477 1110 edocti
1494 1051 1618 1122 fuerant,
1638 1050 1720 1109 varia
1735 1050 1865 1112 locorum
1880 1070 1934 1113 no·

185 1126 274 1187 Porro
298 1137 395 1188 autem
412 1130 462 1207 qui
489 1138 566 1191 mam
594 1131 658 1190 heri
685 1130 868 1206 praeripiebat
895 1130 1038 1189 industria
1080 1140 1161 1198 mina
1185 1142 1384 1213 permutatim,
1400 1141 1566 1213 asinanum
1589 1158 1623 1201 nc
1637 1142 1722 1201 modo
1738 1142 1767 1201 in
1789 1143 1934 1204 anteriora

184 1215 414 1289 tabernaculum,
438 1221 515 1294 i⁰⁰d
533 1221 733 1301 elimandum
748 1221 778 1278 in
798 1220 932 1293 DFOXUDO
950 1234 1038 1277 ⁰0i0·
1079 1229 1248 1302 procedunt,
1270 1230 1354 1290 modo
1371 1247 1422 1306 per
1445 1232 1580 1291 sinuosos
1596 1232 1693 1292 flexus
1707 1238 1793 1307 atque
1807 1233 1935 1293 reflexus

183 1310 237 1377 rat,
253 1315 362 1381 quanto
385 1310 476 1384 magis
496 1310 551 1368 sibi
569 1310 630 1369 vult
648 1310 796 1369 ecclesiam
815 1309 952 1373 construi,
973 1324 1041 1381 quaa
1079 1318 1110 1376 in
1139 1320 1238 1378 eadem
1262 1321 1332 1392 toea,
1355 1336 1406 1396 per
1430 1336 1498 1395 quae
1522 1328 1727 1394 processerant,
1748 1321 1934 1394 relabuntur;

183 1412 277 1494 usque
293 1397 430 1458 adfinem
446 1400 597 1460 saeculiad
617 1400 736 1459 salutem
756 1401 889 1460 omnium
905 1400 1038 1474 gentium
1080 1407 1189 1483 regina,
1211 1406 1382 1470 latomorum
1407 1426 1440 1469 ac
1458 1418 1668 1470 ooementorum
1687 1410 1818 1470 adhibita
1839 1413 1936 1472 mniti-
2023 1402 2024 1409 '

183 1486 370 1547 tmmobiliter
383 1497 546 1564 perseverat
558 1489 813 1550 ‘lTabernaculum
827 1506 939 1565 nempe,
958 1490 1036 1564 duod
1081 1499 1192 1571 tudine,
1211 1500 1449 1574 augustissimam
1468 1517 1502 1560 ac
1517 1501 1599 1560 raldo
1621 1500 1775 1560 mirificam
1794 1502 1826 1560 iu
1842 1503 1935 1561 hono·
2023 1518 2024 1535 ι

182 1581 311 1635 erectum
323 1586 366 1636 est
382 1578 413 1637 in
429 1580 551 1651 deserto,
575 1587 602 1640 et
618 1579 758 1654 templum
774 1578 858 1649 iilud,
878 1579 955 1654 quod
971 1595 1038 1639 coa·
1058 1646 1060 1650 ,
1080 1603 1141 1646 rem
1156 1587 1189 1647 Β.
1207 1588 1357 1649 Laurentii
1378 1588 1541 1649 construxit
1566 1588 1726 1661 ecclesiam,
1739 1590 1826 1664 juxta
1851 1605 1934 1649 men·

182 1669 324 1724 structam
345 1672 388 1725 est
409 1668 464 1726 sub
488 1667 651 1727 Salomonis
674 1667 805 1743 imperio,
826 1668 929 1727 umbra
955 1676 1038 1727 erant
1081 1692 1178 1736 suram
1214 1677 1346 1743 videlicet
1388 1678 1468 1737 illins
1504 1677 1642 1749 basilicas,
1673 1694 1761 1751 quam
1798 1679 1937 1753 praetatus
2023 1662 2024 1745 ζ

182 1758 269 1855 atque
295 1753 387 1830 ligura
415 1756 503 1833 bajus
534 1760 685 1834 Ecclesiae,
708 1777 775 1834 outa
805 1774 883 1817 nunc
907 1764 1192 1844 mensceiflmartvr
1206 1770 1292 1829 habet
1315 1771 1347 1830 in
1371 1770 1433 1846 ipso
1452 1770 1553 1829 Romae
1572 1769 1714 1829 suburbio
1727 1777 1934 1830 constructam.
2023 1760 2024 1819 Ὺ

182 1860 214 1902 ιιι
240 1845 345 1919 populo
371 1846 545 1909 Christiano.
576 1850 659 1910 Unde
694 1851 787 1928 Mopsi
818 1850 929 1911 dictum
962 1858 1033 1910 esi:
1079 1858 1195 1918 Dicebat
1209 1859 1312 1917 enim:
1333 1860 1358 1919 si
1382 1860 1482 1918 datum
1500 1864 1552 1929 est,
1568 1865 1600 1916 ut
1621 1856 1718 1932 perB.
1741 1856 1935 1917 Laurentium
2023 1862 2024 1885 ¹

182 1933 317 1995 «Omnia
340 1938 394 2009 iac,
418 1939 492 1999 sicut
515 1941 568 2000 tibi
590 1949 783 2003 monstratum
811 1949 854 2002 est
881 1944 911 2002 iu
938 1950 1037 2001 monte
1079 1950 1125 2007 vir
1144 1963 1226 2007 meus
1250 1947 1346 2007 redeat
1365 1948 1400 2006 ad
1420 1947 1553 2018 salutem,
1568 1944 1711 2022 quidquid
1731 1946 1808 2007 Deus
1831 1946 1935 2007 Rome

182 2028 283 2091 (Eaed.
300 2031 417 2098 xxvi»
441 2028 539 2103 Hujus
553 2031 661 2091 scilicet
681 2032 817 2092 Ecclesiae
834 2038 934 2091 auctor
948 2041 1037 2110 amne
1080 2042 1179 2112 potest,
1212 2042 1240 2094 et
1266 2036 1314 2094 hic
1341 2035 1533 2095 nihilominus
1554 2041 1654 2108 potest.
1683 2033 1739 2096 Sed
1765 2034 1839 2093 dum
1867 2036 1935 2094 hinc

180 2122 358 2176 constructor
375 2116 509 2178 Christus
524 2129 577 2191 est,
597 2121 648 2194 uui
664 2138 751 2181 verus
771 2128 813 2180 est
827 2139 879 2180 rex
893 2130 920 2181 et
939 2138 1036 2180 sacer·
1078 2126 1235 2201 imperator
1258 2141 1309 2202 per
1326 2124 1455 2183 diversos
1477 2124 1623 2182 anfractus
1645 2139 1679 2183 ac
1694 2124 1831 2184 sationes
1855 2123 1935 2184 litto·

180 2204 242 2263 dos.
270 2203 346 2265 lllud
375 2222 491 2284 quoque
524 2210 665 2284 templum
698 2227 764 2269 cum
797 2217 861 2284 post
889 2216 1035 2284 peractum
1078 2232 1144 2274 rum
1167 2215 1317 2290 spatiando
1334 2215 1495 2285 deducitur,
1509 2214 1592 2272 illinc
1615 2229 1665 2289 per
1680 2213 1820 2288 plurimos
1848 2214 1936 2274 artili-

180 2293 405 2356 reaediiicaretur
424 2297 582 2371 excidium,
610 2301 827 2359 restaurationis
845 2301 908 2374 ejus
932 2300 1036 2373 princi
1079 2320 1126 2365 ces
1151 2321 1273 2380 operum
1299 2302 1626 2374 basilica'labricatur3
1656 2302 1743 2361 simul
1772 2311 1798 2361 et
1826 2303 1937 2363 fabrita

66 2432 76 2443 .
181 2399 232 2459 pes
255 2387 441 2458 exstiterunt,
462 2396 490 2447 et
513 2389 683 2465 zorobabel,
708 2391 758 2467 qui
784 2390 877 2448 iuerat
897 2389 933 2448 de
959 2390 1036 2462 regia
1078 2394 1203 2453 mirilico
1222 2395 1353 2453 decorata
1378 2392 1535 2473 perficitur,
1552 2399 1580 2449 et
1597 2406 1694 2450 annus
1711 2392 1861 2466 impletur.
1882 2392 1937 2453 His

182 2475 259 2534 tribu
281 2478 366 2549 luda,
383 2476 455 2537 27⁸
477 2487 506 2539 et
526 2481 611 2540 lesus
628 2481 707 2540 iilius
731 2480 880 2551 Josedech,
905 2480 1037 2538 sacerdos
1078 2482 1167 2555 igitur
1204 2482 1258 2543 hoc
1287 2481 1371 2541 modo
1413 2480 1544 2554 peractis,
1576 2479 1714 2554 praelatus
1741 2480 1876 2554 princeps
1901 2479 1936 2539 ad

181 2579 313 2637 magnus.
330 2567 414 2627 Unde
428 2575 456 2629 et
473 2569 600 2643 Aggaeus
614 2571 752 2644 propheta
763 2569 855 2627 dicit:
876 2594 885 2620 ι
906 2566 1036 2627 Suscita·
1078 2572 1187 2630 moextia
1215 2569 1530 2643 Constantinopolitano
1561 2568 1719 2638 reducitur,
1749 2569 1801 2644 qui
1837 2574 1938 2626 tantm

181 2654 224 2713 vit
240 2656 382 2717 Dominus
404 2658 537 2732 spiritum
553 2659 775 2720 Zorobabellilii
791 2658 939 2727 salathiel,
953 2657 1036 2716 ducis
1079 2662 1201 2721 Romam
1227 2678 1300 2732 osse,
1326 2660 1411 2720 sociis
1441 2661 1480 2717 ita
1509 2657 1738 2733 perhibentibus,
1766 2658 1936 2719 arbitratur.

180 2743 265 2817 luda,
293 2754 320 2806 et
352 2748 488 2820 spiritum
515 2748 585 2808 iesu
619 2749 673 2807 filii
704 2749 841 2809 losedech
880 2747 1035 2807 sacerdotis
1079 2750 1232 2811 Provisum
1260 2756 1302 2809 est
1323 2750 1421 2823 itaque
1445 2763 1477 2805 ac
1506 2746 1674 2819 diligentius
1694 2755 1872 2821 accuratum,
1908 2758 1938 2808 nt

181 2836 291 2910 magni,
305 2844 334 2894 et
355 2837 490 2921 spiritum
510 2838 690 2913 reliquorum
709 2838 745 2896 de
769 2837 849 2896 omni
868 2836 983 2911 populo,
1008 2840 1036 2895 et
1079 2839 1155 2898 nulli
1182 2839 1240 2898 nisi
1266 2838 1368 2897 Latine
1393 2837 1542 2910 loquentes
1568 2833 1742 2907 assisterent,
1767 2837 1818 2912 qui
1853 2838 1937 2897 ride·

182 2925 306 3000 ingressi
328 2933 407 2998 sunt,
431 2937 459 2985 et
483 2927 626 2986 farciebant
648 2942 721 3001 opus
748 2925 777 2985 in
803 2926 889 2985 domo
917 2925 1035 2984 Domini
1079 2927 1145 2988 licet
1171 2928 1331 3002 inquirenti
1352 2927 1473 2986 Romam
1491 2934 1519 2987 et
1537 2922 1610 2986 279
1633 2927 1665 2987 Β.
1686 2928 1835 2987 Laurentii
1858 2944 1937 2987 mar·

182 3020 365 3085 exercituum
385 3019 637 3091 persultarent).
660 3044 670 3070 ι
688 3018 729 3077 De
748 3018 801 3077 bac
826 3018 1035 3078 instauratione
1080 3020 1152 3094 tyris
1170 3021 1270 3079 adesse
1294 3020 1442 3079 basilicam
1461 3020 1623 3080 suaderent.
1650 3020 1694 3079 Ad
1714 3036 1818 3079 manus
1836 3020 1937 3094 itaque

163 3131 232 3192 sper
250 3115 354 3175 isaiam
379 3111 486 3173 dicitnr
507 3132 513 3171 :
540 3109 770 3180 ·AEdiiicabunt,
794 3109 902 3184 inquit,
924 3107 1192 3200 desertaGductns,
1205 3107 1354 3167 ecclesiam
1374 3107 1529 3183 imperator
1548 3109 1720 3184 ingreditur,
1735 3115 1763 3167 et
1781 3108 1936 3167 confestim

180 3206 365 3277 emulorum,
388 3213 416 3263 et
433 3202 534 3262 ruinas
551 3203 686 3278 antiquas
710 3202 831 3274 erigent,
847 3206 874 3258 et
890 3199 1036 3257 instaura·
1081 3201 1143 3260 luce
1172 3206 1293 3273 recepta,
1322 3198 1541 3257 circumstantes
1572 3215 1633 3259 sese
1671 3198 1836 3273 conspicere
1864 3215 1935 3258 oon·

180 3298 254 3359 bunt
267 3295 398 3355 civitates
417 3293 541 3353 desertas
561 3299 588 3348 et
603 3290 754 3363 dissipatas
770 3292 845 3363 (isat.
872 3290 942 3359 cxx).
962 3310 972 3337 ι
996 3284 1038 3344 De
1077 3287 1188 3363 jugem,
1202 3286 1321 3345 clientes
1334 3293 1420 3361 atque
1434 3286 1604 3347 domesticos
1616 3289 1785 3348 admiratur.

180 3390 236 3449 hac
249 3389 355 3447 iterum
376 3385 504 3444 dicitur:
530 3381 636 3440 «Ecce
657 3396 709 3453 ego
732 3387 897 3438 convertam
915 3391 1037 3436 conver·
1117 3374 1281 3435 Venerabili
1292 3374 1525 3447 DesideriotlDR)
1538 3376 1703 3437 desinensis
1718 3382 1825 3436 rectore
1834 3394 1934 3438 coeno-
2023 3396 2024 3421 ι

182 3478 294 3538 sionem
309 3473 562 3535 tabernaculorum
583 3470 681 3540 Jacob,
697 3478 724 3528 et
739 3469 818 3527 tectis
837 3470 900 3543 ejus
916 3467 1036 3525 misere·
1079 3465 1118 3524 bii
1137 3465 1286 3534 relerente,
1300 3465 1387 3524 didici
1402 3465 1479 3540 quod
1500 3467 1545 3524 his
1558 3466 1689 3540 apicibus
1703 3467 1841 3526 adnotare
1854 3478 1936 3527 cura²

184 3564 247 3630 bor,
268 3567 296 3620 et
316 3558 507 3618 aeditlcabitur
522 3555 623 3614 civitas
640 3557 670 3613 in
697 3555 812 3613 excelso
834 3569 895 3624 sno,
912 3562 939 3611 et
963 3558 1037 3611 tem·
1080 3553 1118 3610 vi.
1143 3549 1387 3625 Satrctimonlalis,
1404 3554 1509 3630 inquit,
1528 3570 1593 3628 quae
1611 3554 1693 3613 Bella
1718 3553 1884 3627 vocabatur,
1904 3554 1932 3613 in

182 3639 1037 3726 plumjuxtaordinemsuumfundabiturtter.xxx).»hd
1080 3642 1254 3702 monasterio
1287 3641 1319 3708 Β.
1354 3642 1432 3702 Petri
1455 3642 1585 3716 apostoli,
1614 3643 1689 3719 quod
1719 3643 1795 3701 intra
1826 3644 1934 3703 moeuia

182 3742 273 3817 hujus
292 3738 389 3813 itaque
407 3734 567 3812 spiritualis
586 3731 686 3808 templi
710 3747 766 3791 non
788 3730 949 3806 ambigitur
972 3746 1037 3805 per·
1079 3734 1292 3794 Beneventano
1313 3734 1393 3793 urhis
1418 3735 1508 3794 situm
1534 3742 1587 3808 est,
1616 3735 1731 3811 degult;
1760 3750 1838 3811 qnae,
1864 3734 1936 3794 dum
2023 3756 2024 3781 ι

183 3834 274 3892 haere
284 3834 470 3894 structuram,
485 3823 619 3900 quisquis
637 3824 672 3881 ad
688 3824 825 3882 honorem
840 3820 892 3883 Dei
907 3821 1053 3895 omnipo·
1079 3824 1203 3896 advixit,
1219 3825 1360 3897 religiosae
1377 3824 1445 3884 vitae
1464 3824 1607 3884 tramitem
1630 3841 1686 3884 non
1702 3825 1829 3900 reliquit.
1849 3825 1936 3885 Porro

183 3921 270 3982 tentis
283 3918 457 3978 exteriorem
472 3930 588 3992 quoqtte
603 3914 705 3987 satagit
716 3912 862 3972 aedificare
874 3913 1037 3972 basilicam.
1081 3916 1151 3975 dum
1172 3921 1246 3974 esset
1264 3916 1443 3989 desponsata,
1459 3915 1544 3991 juxta
1562 3914 1671 3975 natales
1694 3931 1771 3985 sues,
1786 3912 1936 3988 conspicui

219 4009 308 4068 Porro
323 4013 431 4077 autem,
446 4004 524 4064 ntad
540 4002 719 4076 explendam
735 4000 812 4077 quod
829 4002 901 4061 bene
914 4001 1037 4075 coepisti,
1080 4004 1222 4082 germinis
1252 4007 1331 4077 viro,
1358 4012 1389 4065 ut
1418 4004 1564 4066 coelestem
1596 4005 1751 4080 susciperet
1774 4018 1936 4079 sponsum,

183 4114 243 4158 non
269 4095 433 4156 exhortatio
458 4091 518 4151 sola
554 4090 721 4159 verborum,
750 4089 799 4148 sed
827 4098 854 4147 et
888 4097 1038 4149 ostensum
1079 4095 1252 4169 contempsit
1276 4094 1392 4173 carnale
1419 4093 1599 4168 conjugium.
1629 4091 1808 4168 Nuptialinm
1838 4091 1937 4167 itaque

183 4187 292 4247 divinae
306 4184 423 4243 virtutis
438 4189 464 4240 te
477 4187 611 4256 provocet
623 4180 758 4254 signum,
774 4180 926 4254 hiphanns
942 4178 1038 4239 Saler-
1080 4184 1244 4243 tabularum
1260 4183 1354 4243 ioedus
1364 4183 1490 4257 abrupit,
1506 4190 1532 4241 et
1546 4181 1751 4241 monachicum
1764 4187 1936 4256 susceptura
2023 4210 2024 4223 ι

183 4277 302 4337 nitanus
324 4273 565 4347 archiepiscopus,
583 4271 627 4330 vir
653 4270 785 4330 videlicet
803 4286 892 4330 verax
911 4286 944 4329 ac
968 4286 1038 4345 pru·
1080 4273 1223 4343 velamen,
1244 4273 1279 4331 ad
1296 4279 1442 4347 perpetuae
1463 4271 1637 4345 virginitatis
1656 4277 1813 4338 auctorem,
1837 4277 1867 4328 et
1887 4271 1937 4330 ln-

183 4368 266 4436 dens,
286 4369 316 4427 in
332 4363 646 4439 Constantinopolitana
666 4378 696 4421 se
715 4362 843 4436 perhibet
864 4364 935 4422 urbe
961 4362 1039 4423 didi·
1080 4362 1282 4421 contaminatae
1297 4360 1444 4437 pudicitiae
1459 4360 1600 4419 thalamos
1618 4358 1793 4419 convolavit.
1810 4358 1856 4417 Ab
1872 4359 1937 4418 istis

183 4457 257 4518 cisse
284 4457 360 4532 quod
386 4455 506 4516 retulit:
529 4454 664 4525 Contigit.
689 4454 797 4529 inquit,
821 4452 1170 4561 imperatorem,Digitur
1199 4451 1372 4510 rudimentis
1400 4458 1506 4510 sartrtae
1530 4449 1726 4510 conversionis
1753 4447 1938 4509 districtioris

183 4547 267 4621 cujus
282 4553 375 4604 tamen
393 4543 565 4602 vocabulum
584 4559 640 4602 non
661 4542 785 4613 tenebat,
802 4541 959 4616 aliquando
975 4542 1036 4615 pla·
1082 4544 1150 4601 vitae
1168 4558 1198 4601 se
1219 4542 1282 4615 lege
1300 4541 1474 4600 constrinxit
1492 4555 1669 4615 omnemque
1692 4538 1816 4598 carnalis
1835 4539 1937 4597 illece-

184 4651 250 4707 gam
264 4632 401 4693 caeoitatis
414 4632 573 4704 incurrere,
589 4633 636 4691 cui
655 4630 736 4691 nulia
754 4630 935 4689 medicinalis
947 4631 1037 4689 indu·
1079 4633 1140 4692 brae
1154 4631 1307 4691 mollitiem
1323 4630 1459 4690 sublimis
1473 4630 1645 4689 intentionis
1662 4630 1733 4704 pede
1747 4628 1934 4695 conculcans,

183 4725 262 4785 striae
276 4739 346 4782 cura
365 4722 457 4798 potuit
475 4720 640 4780 subvenire.
656 4721 789 4795 Cumque
806 4721 968 4794 perieulum
984 4722 1040 4781 hoc
1080 4721 1183 4795 rigidae
1208 4719 1369 4779 severitatis
1396 4734 1527 4789 censura,
1555 4719 1642 4794 louge
1669 4720 1754 4778 aliter
1778 4720 1936 4778 educatum

183 4815 314 4875 humano
339 4811 435 4873 studio
467 4811 632 4870 nullatenus
662 4810 800 4885 potuisset
831 4811 961 4882 evadere,
987 4827 1038 4884 ag·
1080 4825 1183 4884 corpus
1197 4808 1335 4881 edomuit,
1352 4808 1422 4868 adeo
1440 4816 1471 4866 ut
1486 4808 1514 4866 in
1529 4808 1608 4867 nudo
1623 4808 1790 4883 pavimento
1804 4806 1937 4865 membra

183 4920 300 4979 grossus
314 4909 355 4962 est
374 4902 428 4962 boc
440 4900 516 4974 apud
534 4900 625 4959 Deum
639 4898 710 4957 lusis
725 4900 857 4972 precibus
871 4899 1036 4974 impetrare.
1078 4898 1199 4974 jejuniis
1214 4899 1324 4973 saepius
1341 4905 1486 4957 attenuata
1501 4897 1660 4970 collideret,
1677 4898 1854 4973 nullumque
1867 4897 1935 4967 sibi,

184 4991 305 5051 audivit
324 4991 422 5063 itaque
443 5003 495 5062 per
515 4985 675 5058 somnium,
692 4990 762 5060 qnia
783 4986 806 5044 si
832 4985 864 5046 B.
888 4986 1038 5047 Laurentii
1080 4995 1185 5062 praeter
1220 4986 1311 5047 solam
1349 4986 1484 5056 humum,
1515 4987 1720 5046 lectisternium
1760 4985 1935 5061 provideret.

184 5080 320 5154 martyris
341 5077 622 5151 ecclesiampeteret,
638 5075 760 5150 reparati
785 5075 905 5135 luminis
924 5077 1038 5137 clarita·
1082 5073 1149 5144 Sed,
1178 5081 1211 5134 ut
1240 5077 1275 5134 de
1305 5074 1363 5133 vita
1390 5074 1479 5150 hujus
1506 5075 1623 5132 interim
1649 5080 1767 5143 taceam,
1796 5073 1873 5149 quod
1899 5072 1938 5130 de

185 5178 242 5229 tem
261 5169 403 5228 divinitus
418 5168 569 5227 obtineret.
585 5165 683 5226 iturus
702 5166 799 5243 itaque
818 5166 939 5226 Romam
957 5167 1040 5226 oilert
1083 5164 1219 5240 magistra
1242 5179 1304 5234 sua,
1328 5162 1389 5223 our
1416 5164 1544 5227 nomine,
1570 5178 1636 5239 quae
1662 5161 1796 5221 videlicet
1820 5177 1881 5221 earn
1906 5160 1937 5218 in

186 5266 297 5330 votum,
314 5257 399 5334 jubet
413 5257 505 5331 parari
528 5262 632 5331 praesto
653 5256 816 5329 navigium,
830 5256 922 5315 lixum
940 5256 1040 5315 statuit
1081 5252 1309 5312 sarrctimouialis
1323 5251 1435 5311 ordinis
1450 5251 1589 5325 religione
1603 5258 1741 5326 genuerat
1760 5258 1788 5308 et
1801 5246 1940 5308 nobiliter

184 5345 341 5421 arripiendi
358 5344 490 5419 protinus
509 5344 622 5403 itineris
645 5344 820 5403 institutum.
845 5342 925 5403 Uxor
941 5350 1038 5404 anum
1081 5339 1264 5411 educaverat,
1290 5340 1400 5411 retulit,
1428 5340 1554 5399 breviter
1590 5338 1728 5413 expedire
1751 5337 1937 5397 contendam.

184 5434 257 5493 dum
272 5431 403 5508 parvulis
414 5432 510 5493 adbuc
523 5431 593 5491 tiliis
615 5431 802 5490 amissionem
822 5432 959 5491 formidat
981 5434 1039 5492 im·
1081 5428 1129 5487 hit
1142 5428 1221 5487 enim
1235 5429 1316 5503 quia,
1332 5429 1402 5489 dum
1422 5436 1563 5488 nocturno
1584 5426 1700 5487 silentio
1717 5443 1754 5486 ex
1776 5440 1856 5486 more
1872 5440 1939 5482 ma-

215 5620 283 5690 (tot)
293 5619 341 5683 Dal
357 5620 399 5677 eat
413 5618 441 5673 tt.
459 5618 546 5674 lictor
567 5616 684 5688 puplii.
