4100 6209
166 239 200 307 91
623 243 653 305 S.
674 238 821 303 PETRUS
840 231 1038 298 bsltlsrtds
1058 231 1088 294 S.
1110 230 1145 291 R.
1166 229 1200 287 Ε.
1221 220 1460 286 caballistae.
1881 217 1918 278 92

167 377 256 446 bum,
270 385 308 431 ex
327 368 543 430 commentariis
560 368 730 444 allegoricas
754 380 844 426 sacrae
865 354 1145 439 scriptur-essetis
1174 351 1205 413 S·
1227 347 1375 424 Rssdultlffl
1394 348 1496 424 l'llsscul
1517 343 1634 442 stillulis
1651 343 1739 443 9³1⁸·
1761 344 1920 401 mmm

166 459 324 521 sententias
336 460 557 535 exponentium,
582 457 714 533 Gregorii
732 456 851 528 scilicet,
864 451 1023 526 Ambrosii,
1063 448 1216 511 ιοιιιαιιιι,
1236 447 1265 502 et
1287 442 1350 516 ipse
1374 438 1409 499 Β·
1434 435 1511 497 Petri
1534 435 1670 495 Damam
1693 429 1856 506 discipulus
1879 432 1922 493 fr·

165 549 336 624 Augustini,
365 548 549 625 Hieronymi,
591 548 733 624 Prosperi,
767 546 864 616 Bedae,
896 541 1023 617 Remigii
1065 543 1139 610 ctus,
1155 534 1199 596 uti
1216 531 1280 593 istis
1296 527 1405 591 ibidem
1420 526 1518 588 verbis
1536 528 1678 586 testatur:
1699 521 1831 596 «Longe
1851 537 1923 584 vero

169 640 268 713 etiam,
293 644 321 698 et
345 638 498 711 ammorii,
523 638 643 712 iusuper
683 640 712 696 et
748 635 911 708 Haimouis,
937 639 1025 708 atqua
1064 641 1137 710 post,
1165 630 1303 707 magistro
1328 625 1474 703 praebente
1498 632 1686 692 consensum,
1717 616 1924 691 dignatusest

169 727 326 800 Paschasii,
343 727 445 788 divina
461 727 553 803 gratia
566 727 673 787 nostris
690 725 852 788 albescente
863 724 1023 798 laboribus,
1064 727 1111 786 vir
1134 729 1250 785 mustus
1276 717 1434 797 pradictus
1456 713 1532 774 mibi
1557 709 1673 780 misero,
1690 713 1720 768 et
1742 722 1831 781 quem
1858 708 1924 783 ipse

170 816 268 893 plures
294 815 382 876 libros
409 814 530 888 habetis,
561 815 668 891 quibus
692 831 796 876 vacare
817 816 934 890 potestis
960 833 967 875 :
992 818 1026 875 at
1065 817 1210 893 suscipere
1222 813 1391 887 dignaretur
1402 807 1535 882 indiguo,
1550 803 1624 863 mira
1637 815 1668 860 se
1684 814 1804 875 prorsus
1821 799 1923 860 bumi-

170 913 277 967 sanctae
296 907 403 966 animes
421 910 526 966 vestrm
544 920 605 965 non
626 905 723 966 solum
741 905 871 966 oratione
885 907 1024 978 comeant,
1064 908 1143 967 litate
1157 904 1345 975 committere,
1362 906 1391 959 et
1404 902 1481 959 sicut
1500 894 1597 956 abbati
1619 890 1797 952 monachum
1818 890 1924 967 subju·

169 996 219 1057 sed
241 1002 268 1057 et
281 996 404 1056 lectione
416 995 618 1070 pinguescant.
638 996 685 1056 Ex
698 995 806 1072 quibus
820 995 962 1057 nimirum
977 1009 1025 1054 oo·
1064 1012 1152 1074 gare:
1173 997 1223 1057 cui
1242 995 1384 1056 nimirum
1398 988 1543 1067 prostitit,
1558 1000 1619 1046 non
1639 982 1757 1058 aceepit
1773 982 1810 1041 lit
1831 997 1923 1057 quam

169 1088 283 1150 ditibus
308 1089 468 1149 nonnullos
495 1094 667 1163 pronastro
691 1088 1027 1166 possibditateoorrexi·
1065 1102 1247 1164 susceperam
1278 1085 1358 1146 velut
1385 1083 1417 1141 in
1440 1078 1618 1154 subiectione
1645 1074 1789 1144 clientem,
1811 1072 1926 1147 gaudeo

169 1195 259 1242 mus:
278 1185 311 1240 ιιι
332 1180 365 1239 in
382 1195 472 1241 sacras
497 1181 659 1257 disciplinae
689 1181 797 1243 stodiis
823 1179 1027 1256 intelligentiae
1065 1195 1112 1239 me
1137 1178 1169 1236 in
1193 1174 1291 1237 selide
1309 1171 1415 1233 Christi
1441 1185 1509 1230 vere
1533 1163 1739 1244 pbilosopbum
1764 1160 1927 1236 percepisse

170 1270 254 1331 vobis
267 1269 380 1330 aditum
395 1270 600 1345 panderemus.
1066 1269 1220 1330 doctorem.
1255 1267 1327 1327 Tota
1353 1263 1461 1338 quippe
1490 1256 1549 1319 vita
1590 1258 1665 1329 ejus,
1693 1249 1870 1327 predicatio,
1895 1257 1926 1310 et

207 1361 234 1421 6,
262 1360 457 1424 «domoon
480 1378 596 1438 quoque
613 1364 700 1439 juxta
726 1360 1027 1425 ecclesiam'construi
1067 1359 1227 1430 adflato,
1255 1356 1386 1417 doctrina
1413 1356 1484 1423 erat,
1508 1354 1537 1408 et
1562 1343 1726 1421 disciplina.
1751 1365 1763 1395 s
1788 1341 1860 1401 Haec
1883 1340 1928 1401 ibi

169 1453 223 1510 bac
236 1451 398 1513 intentione
411 1453 591 1528 censuimus,
607 1460 649 1526 ut,
666 1456 692 1515 si
710 1469 799 1530 quem
815 1453 912 1515 adbuc
926 1454 1027 1515 inolita
1066 1454 1102 1514 de
1139 1452 1168 1514 S.
1203 1447 1355 1511 Dominico
1387 1444 1530 1516 Loricato,
1556 1441 1640 1514 eujus
1686 1435 1792 1496 natatis
1817 1432 1924 1494 incidit

171 1540 383 1603 monasteriolis
408 1542 518 1604 ordinis
548 1544 726 1605 consuetudo
754 1544 884 1618 delectat,
913 1545 1025 1618 babeat,
1066 1545 1099 1604 in
1117 1542 1150 1602 lt
1164 1540 1303 1602 Octobris.

170 1633 224 1695 ubi
240 1634 272 1694 in
291 1635 448 1710 precipuis
470 1636 675 1699 festivitatibus
699 1637 867 1699 solemniter
885 1651 923 1698 er
946 1651 1028 1697 more
1103 1629 1426 1705 8.Tertiusdiscipulus
1435 1618 1927 1695 sancdsedscripturusestlooarres

168 1724 302 1800 procedat
331 1749 338 1784 z
369 1728 419 1786 cui
443 1731 472 1785 et
498 1727 676 1802 processioni
701 1743 817 1788 crucem
862 1728 1233 1802 argenteamfltasdeost's,
1262 1720 1372 1782 illustri
1397 1716 1509 1779 tamilla
1544 1711 1622 1787 apud
1647 1707 1786 1770 Insubres
1826 1703 1929 1767 Laude

170 1814 239 1874 satis
253 1814 388 1876 idoneam
402 1817 634 1890 procuravimus.
646 1818 784 1893 Ejusdem
797 1833 915 1893 quoque
930 1817 1030 1877 inten-
1069 1815 1221 1893 Pompeiis
1233 1812 1386 1882 oriundus,
1400 1808 1463 1884 qui,
1479 1810 1513 1867 ιιι
1528 1806 1599 1864 Acta
1612 1801 1676 1877 ejus
1685 1796 1806 1870 babent,
1823 1817 1835 1849 ι
1853 1793 1929 1857 tanti

171 1902 260 1963 bouis
286 1903 395 1979 studio,
425 1904 618 1967 imbecillitati
652 1908 801 1982 fragilium
834 1907 1028 1980 consulentes,
1069 1908 1127 1968 riri
1147 1906 1222 1966 tama
1245 1905 1401 1977 comperta,
1417 1894 1552 1969 exemplo
1571 1891 1634 1967 ejus
1650 1889 1805 1960 animatus,
1821 1887 1930 1949 eontu-

171 1991 259 2052 etiam
282 1991 480 2055 tintinnabula
500 1998 587 2070 atque
606 1994 751 2068 bechinia,
779 1995 952 2071 diversaque
983 1994 1029 2054 di·
1070 2000 1112 2077 git
1126 1999 1162 2059 ad
1176 1997 1283 2074 ipsum,
1300 2001 1329 2055 et
1344 1989 1490 2066 elongavit
1505 2002 1535 2047 se
1552 2001 1569 2045 a
1582 1982 1694 2043 mondo
1707 1979 1833 2054 lugiens,
1848 1983 1877 2039 et
1890 1980 1930 2038 de

172 2081 252 2141 viam
266 2081 370 2143 domus
383 2083 519 2146 utensilia
532 2086 776 2160 comparavimus.
793 2086 903 2146 Calices
914 2095 1031 2161 quoque
1071 2095 1147 2149 terra
1161 2085 1287 2163 propria,
1302 2088 1330 2144 et
1356 2078 1528 2156 cognatione
1550 2072 1697 2143 recedens,
1712 2067 1794 2129 veuit
1816 2069 1848 2127 tn
1867 2073 1930 2127 ter·

175 2171 251 2231 duos
286 2178 437 2246 argenteos
468 2174 666 2250 pulcherrime
691 2176 843 2237 deauratos
868 2179 923 2238 bac
947 2174 1031 2236 vobis
1071 2194 1145 2251 rom,
1160 2173 1290 2251 quamsi
1304 2171 1449 2232 Dominus
1463 2163 1613 2236 revelavit,
1630 2164 1658 2219 et
1673 2157 1832 2219 venerabili
1848 2155 1930 2217 Patri

102 2302 107 2308 ·
173 2260 285 2320 “²110ssss
307 2262 497 2336 Fffllidlfflub
526 2271 569 2337 ut,
598 2279 666 2325 Cum
693 2280 772 2325 seam
796 2264 941 2326 Dominiei
967 2279 1031 2324 θοι·
1072 2270 1156 2330 Petro
1170 2264 1304 2326 Damiani
1324 2258 1416 2337 priori
1432 2255 1534 2329 eremi,
1549 2259 1578 2314 et
1599 2252 1771 2311 devotorum
1794 2245 1929 2308 Fratrum

174 2351 254 2425 poris
276 2356 304 2411 el
324 2352 477 2425 sanguinis
500 2353 639 2428 mysteria
665 2355 755 2415 vultis
784 2356 924 2430 accipere,
951 2361 1031 2417 stau·
1072 2360 1221 2434 magistro,
1236 2370 1267 2413 se
1284 2350 1391 2413 obtulit
1405 2346 1568 2418 humiliter,
1583 2340 1710 2418 genibus
1723 2337 1810 2398 tlexis
1827 2349 1931 2411 rogans

176 2454 260 2512 num,
275 2438 324 2499 vel
341 2439 432 2500 vilius
453 2442 648 2518 quodcunque
660 2444 813 2505 metallum
828 2446 932 2506 vestris
945 2446 1032 2508 labiis
1071 2450 1223 2517 instanter,
1237 2449 1271 2503 ut
1281 2442 1380 2516 ipsum
1394 2436 1450 2499 sub
1463 2433 1618 2509 disciplina
1634 2444 1723 2490 sacrae
1735 2427 1847 2503 regulae
1860 2425 1931 2485 bea·

177 2528 376 2602 nequidquam
394 2544 510 2591 ueoemc
528 2533 570 2592 sit
587 2533 732 2594 adbibere.
747 2534 908 2610 conspicua
921 2534 1031 2595 nibilo-
1074 2537 1177 2599 tissimi
1199 2532 1292 2595 Patris
1308 2527 1457 2590 Benedicti
1472 2522 1685 2598 susciperetis
1707 2517 1885 2594 discipulum
1899 2522 1933 2577 et

178 2614 277 2675 minus
308 2625 488 2680 moromncto
517 2620 601 2681 attari
626 2622 763 2697 tegmina,
789 2630 817 2682 et
852 2623 1033 2685 celebrandis
1074 2633 1201 2701 fratrem,
1227 2625 1264 2686 ad
1286 2624 1358 2698 Regi
1383 2620 1497 2682 Christo
1513 2622 1652 2694 perpetuo
1679 2611 1878 2673 serviendum.
1892 2609 1933 2668 dt

178 2706 336 2767 mlesarum
349 2707 500 2769 solemniis
519 2711 643 2785 pretiosa
659 2713 838 2775 contulimus
850 2697 1032 2777 ornamenta.
1073 2733 1143 2779 vero
1158 2713 1336 2777 reverendus
1348 2710 1402 2770 Dei
1415 2707 1548 2768 sacerdos
1560 2704 1663 2764 Petrus
1675 2701 1810 2761 Damiani
1830 2698 1934 2759 videns

178 2798 250 2860 Haec
263 2801 371 2873 omnia,
385 2802 496 2875 tratres,
511 2818 634 2864 noanon
647 2805 711 2865 siue
720 2805 818 2867 labore
831 2806 1033 2883 quesivimus,
1074 2808 1195 2872 loannis
1209 2803 1372 2880 simplicem
1392 2797 1483 2859 animi
1503 2795 1670 2869 puritatem,
1687 2791 1831 2849 terrorem
1846 2786 1935 2864 spiri-

180 2895 214 2951 ut
227 2890 310 2951 vobis
324 2891 431 2953 laboris
445 2894 594 2969 impendia
614 2896 791 2970 tolleremus,
806 2903 944 2975 mutoque
958 2897 1034 2959 libe·
1076 2903 1134 2974 tus,
1163 2893 1335 2959 obedientiae
1358 2883 1626 2966 promptitudinem,
1645 2884 1680 2940 et
1704 2894 1806 2940 verum
1829 2875 1936 2938 mundi

180 2978 242 3041 rius
265 2995 296 3041 se
320 2987 415 3042 vester
442 2983 560 3045 animus
582 2985 619 3046 ad
643 2985 699 3046 alta
727 2987 900 3062 sustolleret,
926 2994 1034 3064 quanto
1076 2982 1401 3064 contemptumiuipso,
1415 2978 1512 3053 ipsum
1524 2972 1650 3046 benigne
1665 2966 1781 3042 recepit.
1796 2983 1812 3021 ιι
1827 2965 1936 3025 Beatus

180 3068 280 3129 miuus
294 3071 373 3132 bunc
385 3072 423 3133 ad
441 3075 618 3148 providenda
631 3076 688 3136 sibi
706 3075 809 3139 intima
825 3079 867 3138 rei
883 3076 1035 3139 tamillaris
1077 3080 1179 3141 Petrus
1196 3075 1267 3137 buic
1286 3068 1432 3144 inscripsit
1453 3060 1629 3140 opusculum
1652 3067 1735 3129 stall,
1763 3053 1806 3115 Ile
1833 3051 1937 3113 decem

180 3158 279 3236 iuopia
304 3177 363 3225 noo
392 3171 533 3238 gravaret.
565 3166 753 3227 »Hactenus
781 3169 814 3229 Β,
844 3168 955 3242 Petrus,
983 3167 1036 3244 qui
1078 3168 1197 3246 AEgppti
1218 3161 1320 3241 plagis,
1347 3165 1375 3219 et
1402 3153 1553 3229 Decologo,
1572 3156 1658 3226 atque
1683 3145 1724 3207 ita
1750 3143 1936 3242 alloquitur:

180 3267 226 3327 ep.
244 3252 272 3325 2,
288 3252 339 3314 lib.
364 3266 407 3329 ιιι,
423 3261 558 3317 evocatus
574 3257 611 3317 ab
635 3259 848 3335 archiepiscopo
864 3260 1036 3322 Rauennate
1080 3281 1094 3312 s
1110 3253 1303 3319 Dilectissimo
1317 3247 1399 3309 tratri
1409 3242 1526 3316 loanni,
1534 3240 1596 3316 J'am
1607 3253 1667 3299 non
1679 3231 1837 3305 laudensi,
1852 3228 1938 3290 vdeo·

181 3341 362 3418 debebardo,
383 3351 503 3406 excusat
522 3361 552 3407 se
574 3347 612 3407 ob
635 3349 763 3424 inopiam
786 3361 915 3424 suorum,
929 3351 1037 3425 quibus
1080 3363 1137 3425 que
1155 3339 1295 3406 laudabili
1307 3338 1381 3410 tiro,
1394 3333 1498 3395 Petrus
1510 3333 1641 3408 peccator
1658 3325 1821 3386 monachus
1839 3326 1936 3397 pater·

183 3434 333 3506 providere
351 3435 471 3499 debebat
495 3463 502 3498 ι
527 3464 542 3490 α
557 3439 716 3517 Pracipisti
734 3441 818 3514 mibi,
838 3441 946 3518 inquit,
961 3441 1036 3502 dile-
1080 3451 1128 3498 nae
1146 3429 1310 3495 dilectionis
1334 3425 1481 3504 adactum.
1510 3416 1715 3495 contempsisti
1743 3427 1849 3488 nuper,
1877 3405 1934 3483 ott,

181 3528 309 3588 cdsrime
329 3528 424 3603 Pater,
437 3535 467 3590 et
485 3531 611 3605 domine,
628 3538 655 3593 et
669 3533 865 3610 praecipiendo
880 3535 1037 3608 mandasti,
1081 3529 1271 3597 Pharaonem,
1286 3527 1314 3582 et
1339 3514 1458 3594 superbi
1472 3515 1594 3590 regisse
1606 3502 1798 3584 opprimentis
1819 3496 1939 3574 AEgvptt

181 3624 216 3679 ut
237 3618 274 3678 ad
295 3624 325 3680 te
340 3619 471 3680 venirem
484 3640 493 3694 ;
508 3623 558 3682 sed
572 3639 625 3698 ego
649 3623 860 3700 pauperculum
884 3626 982 3688 locum
1001 3623 1039 3686 ad
1082 3615 1171 3680 simul
1198 3613 1384 3676 abominatus
1406 3624 1437 3669 es
1462 3605 1656 3668 servitutem:
1677 3611 1794 3659 necesse
1814 3597 1939 3694 astorgo

182 3709 343 3785 regendum
370 3712 544 3788 suscipiens,
570 3715 622 3788 qui
647 3715 729 3792 prius
756 3731 807 3793 per
833 3717 1039 3794 memetipsum
1082 3725 1171 3784 nuuc,
1189 3713 1221 3770 ut
1234 3703 1369 3781 gradiens
1386 3716 1438 3776 per
1452 3698 1609 3767 desertum,
1625 3687 1719 3751 multa
1743 3688 1940 3746 tentationum

183 3796 365 3857 solummodo
396 3815 505 3874 pauper
531 3803 641 3875 exstiti,
670 3820 750 3864 nunc
784 3821 837 3881 per
864 3813 903 3867 tot
929 3822 1040 3882 pauper
1083 3819 1190 3881 genera
1210 3799 1325 3869 subeas,
1346 3794 1417 3866 sitis,
1435 3807 1468 3852 aa
1491 3788 1577 3851 bruis
1606 3781 1736 3860 inopiam
1755 3779 1893 3856 perieras,
1912 3775 1943 3835 et

184 3886 304 3946 edoctus
317 3902 394 3958 sum,
409 3895 480 3962 quot
498 3892 639 3964 regendos
651 3894 756 3967 accepi.
771 3893 919 3967 Perpendo
937 3895 1039 3970 igitur,
1085 3902 1127 3965 sic
1151 3913 1202 3974 per
1225 3905 1391 3954 erumnose
1411 3883 1551 3963 pericula,
1570 3882 1753 3955 diversoque
1769 3868 1943 3935 calamitatis

184 3981 214 4035 et
237 3976 380 4052 quatestt
394 3974 537 4051 plurimos
560 3993 669 4054 regere,
680 3986 709 4041 et
725 3981 891 4057 praebendae
912 3985 1041 4046 necessi·
1085 3987 1235 4065 angustias
1247 3981 1283 4043 ad
1295 3986 1402 4040 terram
1421 3969 1655 4052 repromissionis
1673 3968 1808 4039 elongas.
1823 3981 1839 4017 ι
1854 3959 1943 4022 Plura

187 4065 253 4127 tatis
274 4064 417 4141 stipendia
430 4081 490 4128 non
509 4067 626 4130 babere.
641 4090 656 4126 s
672 4069 743 4130 Haec
760 4070 792 4131 Β.
810 4071 922 4149 Petrus,
942 4073 1041 4150 quiin
1085 4078 1182 4151 isthic,
1198 4080 1227 4134 et
1237 4073 1270 4132 in
1284 4067 1402 4147 prologo
1414 4072 1442 4126 et
1452 4064 1545 4139 capite
1561 4060 1676 4133 altimo,
1690 4055 1750 4131 tegi
1767 4053 1890 4131 possunt
1905 4047 1944 4110 de

186 4158 330 4220 Chronico
354 4158 523 4235 Gualdensi,
542 4161 619 4221 circa
645 4178 757 4224 annum
784 4163 854 4225 1325
881 4166 1043 4241 conscripto
1087 4166 1230 4246 singulari
1243 4163 1276 4224 B.
1291 4160 1369 4223 Petri
1386 4175 1453 4235 erga
1472 4159 1553 4219 bunc
1566 4150 1745 4228 disdpulum
1757 4143 1943 4207 adectucba·

187 4248 265 4324 abud
290 4247 470 4322 flfll'sstrssuffls
499 4250 622 4311 babetur
648 4254 732 4324 bojas
768 4257 916 4313 eremitarii
942 4259 1043 4313 saneta
1088 4260 1189 4332 nitatis,
1211 4270 1299 4333 quem
1317 4255 1417 4312 autor
1438 4247 1514 4309 Vita
1531 4245 1562 4306 S.
1582 4241 1704 4304 loannis
1727 4238 1790 4300 istis
1805 4233 1947 4313 exprimit

190 4340 284 4398 dordr
297 4339 385 4410 liwir
405 4342 516 4399 Fontem
541 4341 682 4400 saetosa
709 4349 885 4411 constructor,
910 4344 987 4419 duod
1007 4344 1044 4403 de
1088 4350 1206 4413 verbis:
1224 4345 1323 4405 «Duae
1338 4357 1408 4402 vero
1422 4338 1569 4400 columnae
1583 4330 1690 4393 lucide
1709 4330 1833 4389 fratrum
1846 4324 1948 4386 diremi

188 4427 282 4504 prima
291 4428 447 4490 eremiticae
456 4430 526 4492 vitae
535 4431 705 4493 fundatione
714 4434 804 4510 accipi
815 4434 1079 4549 haudquaquamb
1089 4441 1188 4502 Fontis
1198 4435 1358 4507 Avellanae,
1373 4429 1552 4493 reverendus
1569 4426 1648 4504 prior
1660 4424 1772 4495 Petrus,
1785 4427 1814 4482 et
1824 4413 1949 4479 clericus

188 4524 289 4594 potest.
1087 4532 1140 4593 Dei
1157 4530 1293 4601 loannes,
1314 4524 1390 4585 sicut
1409 4523 1468 4583 duo
1496 4517 1650 4594 Seraphim
1677 4512 1779 4573 divina
1808 4507 1949 4569 charitate

224 4607 252 4668 l.
280 4606 360 4667 iuter
382 4609 461 4672 viros
489 4611 526 4670 de
545 4623 642 4670 eremo
669 4610 721 4673 illa
747 4613 821 4674 bene
843 4614 961 4675 meritos
987 4616 1044 4676 fuit
1087 4614 1271 4688 inflammati,
1289 4611 1385 4683 corde,
1405 4614 1434 4669 et
1454 4623 1502 4669 ore
1522 4605 1633 4683 jugiter
1654 4602 1749 4662 Deum
1769 4595 1948 4657 altissimum

189 4700 218 4758 S·
245 4699 410 4772 errllrrrrr
441 4702 504 4777 rjus
531 4699 702 4776 discipulus,
732 4701 810 4778 dein,
835 4705 869 4764 ut
901 4703 1042 4782 diximus,
1088 4708 1301 4779 collaudabant,
1320 4709 1349 4763 et
1367 4701 1502 4763 Fratrum
1520 4703 1643 4769 mentes,
1667 4696 1695 4753 et
1717 4689 1812 4761 mrda,
1842 4691 1871 4745 et
1895 4699 1949 4744 ora

192 4786 343 4863 episcopus
364 4786 550 4864 Ellssllbissssb
579 4792 665 4867 cujus
691 4789 787 4851 Vitam
814 4803 831 4850 ιι
854 4808 884 4853 ⁸0
910 4793 1044 4867 scriblam
1087 4800 1124 4861 ad
1145 4799 1197 4859 Dei
1214 4795 1347 4856 timorem
1375 4796 1402 4852 et
1428 4791 1584 4850 fraternam
1612 4782 1781 4844 charitatem
1804 4773 1947 4839 accendo·

190 4874 223 4973 li.
240 4876 343 4940 Petrus
358 4878 469 4940 dicavit
483 4879 650 4942 Alexandro
665 4882 693 4942 tl
716 4879 856 4957 pontiflci,
868 4888 897 4942 et
910 4884 974 4942 baec
988 4883 1045 4945 sub
1086 4891 1165 4951 sant.
1181 4887 1302 4963 Oquam
1317 4885 1437 4953 bonum,
1453 4883 1481 4937 et
1505 4891 1594 4952 quam
1608 4870 1775 4951 jucundum
1790 4871 1861 4939 erat,
1874 4861 1948 4923 tales

191 4965 311 5030 mitium
334 4979 457 5030 ”assati
482 4972 588 5032 “Ami
602 4973 663 5032 fere
680 4973 866 5048 septennium
878 4971 1045 5033 fflrertrl·
1088 4983 1189 5042 tratres
1208 4976 1338 5037 babitare
1369 4971 1402 5030 iu
1425 4983 1520 5029 uuum
1537 4969 1543 5026 t
1563 4991 1576 5015 »
1597 4964 1638 5024 De
1661 4960 1763 5023 eodem
1784 4953 1815 5018 S.
1832 4947 1947 5017 Joauud

189 5058 262 5128 pluro
286 5074 353 5120 oum
375 5070 476 5135 matre,
496 5069 525 5124 et
548 5064 662 5124 duobus
691 5063 828 5123 iratribus
846 5080 877 5123 se
898 5063 1046 5140 paulisper
1088 5068 1272 5134 intibronico
1286 5057 1690 5134 ouatdensttraecteguntur:
1709 5046 1888 5110 «ineodem
1903 5043 1946 5105 si·

193 5155 277 5209 etas
300 5155 540 5233 praecedentibus,
565 5156 656 5216 servis
676 5153 817 5215 duntaxat
841 5155 970 5216 libertate
993 5157 1045 5216 do·
1089 5157 1206 5235 quidem
1229 5152 1394 5214 eremitorio
1417 5149 1492 5209 inter
1518 5146 1591 5207 alios
1614 5144 1728 5204 muetos
1752 5138 1863 5215 priores
1885 5148 1947 5193 mo

192 5241 279 5316 natis,
292 5248 419 5304 castrum
429 5262 520 5308 suum
535 5245 760 5324 inexpugnabili
774 5244 940 5308 munitione
953 5245 1045 5307 valta·
1088 5248 1207 5321 uacbos,
1242 5259 1345 5305 servus
1372 5240 1425 5300 Dei
1452 5236 1589 5298 dominus
1624 5232 1750 5292 loannes
1781 5223 1947 5322 Laudeasis

194 5341 267 5405 tum,
287 5334 360 5394 milri
373 5351 443 5397 cum
456 5338 604 5414 omnibus,
619 5355 686 5418 quaa
705 5339 752 5402 sui
768 5339 844 5414 juris
862 5345 954 5413 erant,
969 5351 1047 5417 prae-
1090 5336 1182 5398 mults
1194 5333 1289 5410 viguit
1302 5330 1460 5401 macbtate,
1477 5332 1505 5386 et
1525 5325 1597 5386 dura
1608 5315 1788 5399 poenitentia,
1804 5320 1832 5376 et
1853 5313 1946 5373 abstr-

192 5420 250 5481 diis
267 5424 402 5499 contulit,
426 5431 514 5502 atque
533 5428 570 5489 ad
595 5445 726 5492 eremum
754 5429 884 5504 veniens,
914 5428 1047 5490 habitum
1090 5425 1200 5499 nentia,
1233 5421 1311 5483 intra
1342 5418 1409 5479 illas
1436 5416 1523 5478 silvas
1549 5410 1718 5480 condensas,
1743 5413 1772 5467 et
1796 5405 1947 5481 prerupta

152 5576 163 5587 ,
193 5514 361 5575 monastica
383 5515 571 5590 professionis
593 5518 741 5594 accepit.»
766 5519 836 5578 Haec
863 5518 917 5580 lbi.
937 5517 1048 5580 Colitur
1090 5516 1245 5589 montium,
1270 5527 1374 5591 corpus
1395 5522 1483 5570 suum
1504 5500 1662 5577 castigavit.
1680 5498 1736 5572 Qui
1758 5490 1946 5576 postmodum

194 5605 224 5665 S.
238 5605 411 5682 itodulpbus
431 5606 466 5667 ιιι
480 5606 572 5669 lunii.
590 5607 670 5696 ditm
688 5623 766 5681 vero,
789 5611 872 5684 cujas
897 5609 961 5670 Vita
981 5625 1048 5672 cum
1089 5608 1125 5669 de
1139 5607 1269 5682 prioratu
1283 5607 1389 5665 sanctae
1403 5595 1504 5659 Crucis
1523 5594 1554 5653 ιιι
1569 5591 1737 5667 episcopum
1751 5582 1945 5661 eugubinum
