4100 6209
50 410 54 421 .
133 365 182 424 513
919 354 1043 418 SHlibe
1062 354 1099 415 ll.
1830 373 1884 432 514

130 489 204 564 magi
224 487 375 547 venientes
398 487 628 561 Hierosolymam
649 488 837 547 dixerunt1«
855 485 909 545 Ubi
930 491 1114 558 est,Aaqua,
1135 484 1252 558 quaudo
1268 483 1351 543 siccis
1365 485 1487 559 pedihus
1501 486 1661 550 ambulavit
1683 507 1772 568 super
1791 512 1884 573 aquas

130 578 178 653 qui
194 583 279 635 natus
294 582 336 634 est
351 591 405 633 reu
416 574 432 633 J
436 574 584 634 udeeorum
598 578 708 643 (Metti.
726 580 769 642 tt).
788 600 800 624 ι»
820 574 928 632 Habuit
944 579 985 631 te·
1029 575 1118 640 (Jooa.
1135 576 1187 641 vr).
1202 571 1413 633 Testimonium
1427 575 1575 648 perhibuit
1587 594 1646 651 aer,
1661 581 1777 653 quando
1792 586 1886 646 nubes

130 666 300 726 stimonium
316 663 498 734 Judaeorum,
514 665 584 737 quia
598 663 725 723 Herodes
736 663 879 737 principes
891 678 985 720 sacer·
1030 660 1156 734 suscepit
1170 677 1238 720 eam
1253 662 1290 720 ah
1304 663 1397 721 oculis
1411 679 1521 735 eorum,
1543 666 1652 728 scilicet
1673 670 1885 743 discipulorum

130 756 231 813 dotum
257 763 286 812 et
312 754 421 813 scribas
447 751 547 826 populi
576 752 762 821 conveniens,
789 751 987 811 sciscitabatur
1030 749 1103 819 (Act.
1118 752 1144 819 tl.
1164 748 1378 809 Testimonium
1393 752 1541 824 perhibuit
1556 754 1644 829 iguis,
1661 760 1778 831 quaudo
1795 777 1886 837 ange·

131 844 228 902 abeis
254 841 305 902 ubi
325 841 462 900 Christus·
486 848 669 910 nasceretur3
700 849 727 898 et
753 840 800 897 illi
825 839 985 897 dixerunt:
1031 837 1076 896 lus
1093 837 1208 895 Domini
1223 838 1371 897 descendit
1394 839 1429 897 de
1449 841 1530 914 coelo,
1552 850 1579 900 et
1599 845 1779 919 resplenduit
1799 852 1887 911 iacies

134 931 194 990 «ln
215 930 386 990 Bethlehem
402 928 487 988 fudae
509 931 611 999 (loidi.
629 928 765 987 »Habuit
788 929 987 987 testimonium
1030 926 1093 998 ejus
1114 927 1189 985 sicut
1202 927 1302 1002 fulgur
1315 932 1426 997 (Metili.
1441 938 1550 1001 xxvru)
1562 951 1569 1005 ;
1583 934 1683 1008 fulgur
1698 938 1777 997 euim
1793 940 1887 1015 igneae

131 1022 331 1093 antiquorum,
349 1020 420 1093 quia
438 1018 469 1076 in
493 1018 629 1077 manibus
647 1019 850 1092 prophetarum
872 1017 987 1076 assimi-
1032 1022 1206 1073 uatuiaeest.

131 1113 208 1171 latus
221 1119 265 1170 est
285 1113 355 1183 (Ore.
380 1116 454 1182 κως
478 1110 538 1184 ipse
557 1110 636 1167 enim
652 1118 693 1167 est
710 1112 812 1183 Agnus
828 1110 938 1167 occisus
952 1108 988 1166 ab
1067 1107 1139 1178 Quia
1154 1125 1231 1183 ergo,
1251 1111 1361 1182 fratres,
1382 1112 1550 1188 mysterium
1574 1115 1668 1175 crucis
1686 1118 1788 1179 babuit
1806 1121 1885 1179 testi·

131 1200 244 1274 origine
278 1199 378 1258 mundi
412 1202 507 1271 (Apoc.
543 1202 617 1269 uitri.
653 1198 763 1257 Habuit
792 1198 989 1256 testimonium
1032 1198 1166 1256 monium
1192 1198 1325 1257 omnium
1352 1200 1566 1273 predictorum,
1593 1205 1743 1265 erubescat
1766 1208 1888 1270 iudaeus

131 1285 350 1355 modernorum,
366 1284 443 1342 unde
458 1291 486 1342 et
500 1285 561 1358 ipse
575 1283 726 1358 discipulis
740 1284 854 1358 iuquit:
873 1312 881 1332 ·
902 1281 990 1341 Eritis
1032 1287 1147 1357 infelix,
1163 1287 1214 1360 qui
1227 1295 1312 1361 negat
1326 1287 1472 1346 dtrrrstum
1487 1289 1522 1348 de
1539 1290 1658 1365 Virgine
1670 1302 1795 1369 natum;
1817 1298 1887 1372 quia

132 1375 207 1433 mihi
221 1380 305 1432 testes
320 1374 352 1432 in
365 1373 558 1444 Hierusalem,
581 1381 609 1433 et
629 1376 659 1432 in
675 1374 756 1433 omni
769 1374 882 1441 Judaea,
896 1382 923 1429 et
939 1370 992 1430 Sa·
1033 1384 1160 1451 pastores
1181 1377 1278 1436 ludaei
1303 1377 1479 1437 invenerunt
1506 1380 1581 1440 sicut
1607 1383 1717 1443 dictum
1743 1393 1804 1445 erat
1829 1387 1888 1447 illis

132 1464 226 1524 maria
241 1470 269 1522 et
284 1478 378 1538 usque
398 1463 434 1521 ad
454 1463 594 1521 ultimum
613 1471 696 1522 terrm
712 1466 781 1537 (Act.
800 1464 829 1534 r).
849 1487 862 1509 »ι
884 1460 993 1519 Habuit
1034 1469 1106 1538 (Lac.
1132 1468 1160 1538 r).
1186 1465 1389 1525 Confuudatur
1426 1469 1553 1541 gentilis,
1588 1472 1639 1546 qui
1681 1475 1750 1533 dicit
1787 1474 1886 1551 ligno:

125 1551 334 1612 testimouium
370 1549 454 1623 lucis,
483 1551 554 1626 quia
579 1550 694 1609 claritas
722 1552 774 1610 Dei
799 1550 992 1610 circumfulsit
1036 1553 1141 1612 «Deus
1172 1570 1253 1612 meus
1280 1569 1329 1624 es;
1356 1562 1384 1612 et
1406 1555 1577 1629 lapiditTu
1601 1574 1647 1616 me
1669 1561 1796 1634 genuisti
1823 1566 1886 1637 (ter.

132 1649 262 1718 pastores
281 1646 356 1712 (Luc.
378 1647 420 1714 tt),
445 1648 473 1700 et
497 1642 610 1700 claritas
633 1642 724 1701 stellae
750 1642 906 1701 illustravit
929 1658 992 1700 rna·
1035 1654 1065 1715 tt)
1079 1661 1086 1713 ς
1102 1668 1114 1690 »r
1137 1643 1206 1717 quia
1224 1646 1297 1715 magi
1312 1643 1432 1715 gentiles
1447 1647 1542 1718 ipsum
1557 1646 1760 1708 adoraverunt.
1776 1649 1889 1711 Obmu-

131 1751 185 1808 gos
207 1736 318 1804 tifottli.
346 1739 386 1803 ut.
412 1731 624 1790 Testimonium
652 1732 836 1790 tenebrarunt
864 1732 933 1807 quia
961 1732 993 1788 in
1036 1738 1122 1789 tescat
1142 1731 1303 1801 haereticus,
1320 1733 1371 1805 qui
1387 1733 1716 1805 rupsteriooontradicit.
1740 1738 1775 1798 lit
1793 1742 1891 1801 omnis

134 1828 228 1881 iuorte
252 1821 316 1894 ejus
339 1820 466 1879 tenebrae
493 1821 575 1878 lactea
610 1827 678 1879 sunt
710 1835 797 1892 super
823 1820 1137 1905 universamBlingua
1153 1818 1324 1879 confiteatur
1341 1821 1410 1896 quia
1429 1821 1572 1883 Dominus
1591 1834 1688 1885 noster
1701 1827 1787 1888 lesus
1805 1829 1891 1890 Chri-

133 1916 241 1967 terram
258 1909 371 1981 (Marto.
388 1919 494 1977 xxv11;
509 1911 596 1965 More.
614 1919 673 1979 xv;
687 1910 752 1964 Lae.
769 1910 867 1976 xxiii).
883 1905 992 1965 Habuit
1035 1916 1096 1967 stus
1124 1909 1155 1967 in
1179 1908 1269 1982 gloria
1294 1916 1336 1967 est
1354 1909 1407 1968 Dei
1432 1909 1523 1970 Patris
1542 1916 1654 1987 (Pttttp.
1675 1916 1713 1988 u).
1734 1917 1779 1976 Ad
1801 1935 1890 1994 quam

133 1998 341 2057 testimonium-
351 1997 432 2068 legis,
450 1996 520 2072 quia
536 1996 649 2071 Moyses
662 1996 739 2055 dixit
750 1996 781 2054 in
800 1996 861 2071 lege
876 2015 882 2054 :
899 2019 912 2049 α
926 1997 994 2055 Pro·
1034 1996 1158 2071 gloriam
1181 2012 1235 2055 nos
1256 1995 1395 2072 perducat
1417 1998 1477 2071 ipse
1503 1998 1646 2062 Domims
1671 2012 1769 2065 noster
1795 2007 1891 2080 lesus,

133 2090 252 2163 phetam
277 2088 425 2147 suscitabit
447 2087 528 2154 vobis
549 2087 628 2146 Deus
646 2087 682 2145 dc
705 2085 844 2145 fratribus
869 2088 991 2156 vestris;
1035 2086 1086 2160 qui
1113 2101 1180 2143 cum
1205 2086 1242 2145 sit
1263 2086 1399 2160 splendor
1421 2088 1581 2163 luminum,
1606 2092 1658 2152 ilos
1686 2094 1802 2168 florum,
1832 2097 1892 2158 vita

133 2180 233 2255 ipsum
247 2185 385 2253 tanquam
397 2194 443 2235 me
457 2177 581 2237 audietis
591 2182 683 2245 (Des.
694 2184 792 2246 xvut).
813 2201 827 2228 r
844 2178 878 2236 Et
901 2176 991 2236 alibi:
1036 2194 1162 2250 morum,
1178 2177 1275 2236 schola
1290 2179 1440 2251 virtutum,
1456 2188 1483 2239 et
1494 2196 1599 2240 corona
1613 2192 1788 2258 sauctorum,
1804 2204 1893 2264 super

136 2269 206 2328 ‹Et
226 2270 281 2328 erit
296 2269 356 2328 vita
371 2276 419 2327 tua
439 2268 567 2343 pendens
582 2269 612 2327 in
628 2269 725 2341 ligno;
747 2267 871 2339 videbis,
891 2273 919 2325 et
935 2282 994 2326 nou
1037 2269 1139 2327 choros
1165 2268 1337 2342 angelorum
1364 2278 1463 2343 regnat
1500 2270 1531 2330 iu
1561 2274 1667 2333 wenta
1705 2276 1893 2338 saeculorum.

133 2376 292 2434 cognosces
313 2364 402 2430 (berit.
428 2365 548 2430 xxvut).
568 2386 582 2409 »
609 2359 819 2418 Testimonium
842 2360 994 2435 propbeta·
1038 2359 1142 2418 Amen.
1353 2354 1357 2362 '

135 2464 214 2519 rum,
238 2448 309 2523 quia
328 2448 417 2507 isaias
436 2449 499 2507 ait:
518 2470 532 2502 e
549 2448 721 2522 Egredietur
741 2452 820 2523 virga
842 2449 878 2506 de
901 2448 996 2508 radice
1378 2449 1502 2512 SERMO
1515 2452 1554 2512 11.

134 2538 228 2608 lesse,
252 2543 281 2595 et
298 2538 351 2596 llos
371 2539 406 2597 de
431 2539 526 2597 radice
545 2539 608 2612 ejus
626 2537 769 2607 ascendet,
790 2545 818 2595 et
837 2538 997 2613 requiescet
1038 2549 1075 2597 oe
1089 2550 1311 2599 rnsnstarrouc
1327 2553 1351 2598 s.
1368 2553 1479 2600 uiuanu
1495 2552 1620 2603 nrtscoar
1639 2554 1837 2607 rtcrtvrsusis
1855 2559 1891 2609 ur

135 2639 226 2698 super
238 2638 306 2683 eum
316 2625 434 2697 spiritus
449 2625 567 2684 Domini
581 2629 701 2695 (isati).
719 2649 730 2676 ι
746 2626 781 2684 Ει
795 2624 883 2683 alibi:
896 2648 909 2677 e
924 2624 997 2682 Ecce
1271 2622 1463 2672 CONFESSOMS
1487 2618 1553 2683 (xtv
1572 2622 1660 2685 tam).

137 2717 222 2790 virgo
238 2718 388 2792 concipiet,
405 2723 432 2776 et
447 2719 538 2794 pariet
555 2718 662 2790 lilium,
682 2726 709 2776 et
725 2717 875 2777 vocabitur
890 2732 996 2775 nomen
1075 2713 1272 2787 Gaudeamus,
1292 2723 1320 2775 et
1338 2717 1528 2789 exsultemus,
1553 2718 1744 2796 dilectissimi,
1763 2723 1834 2784 dum
1856 2727 1893 2786 ad

136 2807 199 2879 ejus
213 2805 388 2865 Emmanuel
402 2811 477 2878 (lsai.
495 2810 555 2878 vu).
568 2828 583 2861 a
595 2807 707 2865 Barucb
722 2813 817 2865 autem
828 2830 835 2863 ι
847 2804 914 2864 Post
923 2806 996 2876 haec,
1040 2801 1191 2862 recolenda
1217 2803 1293 2862 beati
1312 2804 1417 2864 Hilarii
1438 2805 1576 2866 sublimia
1598 2810 1701 2869 merita
1726 2813 1896 2874 solemniter

136 2893 247 2968 inquit,
262 2896 292 2953 in
308 2896 392 2955 terris
406 2896 487 2955 visus
505 2903 549 2955 est
565 2903 671 2954 etcum
688 2894 858 2954 homiuibus
877 2910 998 2953 conver·
1040 2893 1240 2953 convenimus.
1266 2893 1330 2969 Ipsa
1348 2895 1456 2970 quippe
1478 2911 1529 2955 nos
1553 2898 1677 2972 insignis
1695 2902 1826 2962 vocabuli
1849 2904 1895 2962 di-

138 2990 221 3043 satus
249 2986 515 3057 estimaretur).
541 2985 674 3043 Eutrchiel
694 2984 724 3043 iu
747 2985 811 3057 eins
832 2983 998 3042 testimonio
1041 2982 1136 3054 guttas
1162 2988 1306 3055 provocat,
1337 2990 1371 3042 ut
1394 2999 1477 3042 mens
1500 2992 1598 3044 nostra
1625 2987 1770 3061 spirituali
1796 2989 1896 3051 laetitia

138 3074 220 3134 lilius
241 3076 402 3150 appellatus
428 3082 471 3136 est
494 3079 603 3147 (Erech.
627 3083 667 3146 u).
689 3073 792 3134 Daniel
812 3074 851 3133 ait
868 3094 902 3132 :i
924 3074 997 3133 llum
1041 3070 1140 3129 affecta
1166 3072 1358 3145 plausibiliter
1381 3073 1541 3134 hilarescat.
1566 3075 1764 3138 Nihilominus
1786 3087 1815 3138 et
1841 3081 1896 3140 hoc

137 3165 254 3225 venerit
283 3166 407 3226 Sanctam
429 3174 607 3236 sanctorum,
635 3165 758 3224 cessabit
777 3166 876 3223 unctio
904 3157 1164 3266 vestraCdignum
1185 3167 1228 3220 est
1254 3168 1295 3233 ut,
1318 3162 1388 3222 dum
1408 3164 1483 3224 beati
1508 3164 1563 3223 viri
1586 3166 1802 3226 translationem
1826 3170 1897 3229 coli-

136 3260 221 3324 (llan.
244 3261 297 3326 tx).
315 3278 329 3309 o
344 3256 431 3316 Oseas
447 3256 478 3316 in
492 3259 556 3331 ejus
571 3255 734 3315 testimonio
752 3254 860 3328 accepit
873 3269 997 3312 nitorem
1043 3264 1118 3326 mus,
1137 3250 1193 3325 ipsi
1212 3267 1328 3326 quoque
1351 3259 1460 3312 mentes
1478 3260 1591 3313 nostras
1610 3271 1627 3314 a
1642 3257 1765 3317 terrenis
1784 3257 1897 3319 deside-

135 3343 327 3404 fornicariam
348 3348 419 3415 (Osa.
444 3351 475 3416 1).
497 3346 633 3405 Habacuc
655 3345 745 3404 dicit:
760 3366 774 3397 a
790 3343 904 3402 Cornua
929 3348 1000 3400 sunt
1042 3338 1094 3398 riis
1110 3340 1145 3398 ad
1168 3339 1296 3400 coelestia
1318 3343 1535 3413 transieramus,
1554 3350 1593 3413 ut,
1610 3343 1681 3404 dum
1699 3346 1813 3420 glebam
1831 3365 1897 3410 cor-

134 3436 165 3493 in
185 3435 326 3494 manibus
346 3436 409 3509 ejus
426 3437 542 3505 (Hebae.
560 3442 614 3505 111).
631 3435 747 3494 »Jonas
768 3434 798 3491 in
822 3438 921 3490 ventre
945 3431 1000 3490 ceti
1043 3428 1120 3501 poris
1146 3429 1209 3502 eius
1234 3436 1413 3503 tenuemque
1438 3428 1636 3504 pulvisculum
1664 3437 1743 3493 buta
1769 3437 1899 3510 praeferri

135 3524 201 3597 ejus
224 3524 425 3583 testimonium
450 3532 569 3583 testatus
595 3530 638 3584 est
658 3526 727 3597 (fon.
746 3523 786 3594 u).
804 3522 839 3579 Ht
854 3520 925 3596 qnid
940 3520 1001 3579 dis·
1042 3517 1120 3590 apud
1138 3517 1272 3577 homines
1294 3519 1403 3577 honore
1417 3517 1623 3593 conspicimus
1638 3527 1782 3594 quantum
1798 3526 1899 3598 gloriae

136 3627 258 3671 curram
286 3628 337 3686 per
356 3610 492 3685 singula?
514 3613 622 3671 Nullus
650 3613 855 3686 prophetarum
880 3609 999 3675 exstitit,
1043 3604 1157 3677 pondus
1170 3606 1200 3663 in
1217 3607 1382 3666 caelestibus
1396 3605 1547 3681 possideat,
1564 3606 1616 3666 ubi
1630 3624 1726 3679 verus,
1742 3616 1770 3669 et
1787 3610 1899 3670 incom-

138 3704 192 3776 qui
221 3703 251 3761 ei
284 3703 486 3762 testimonium
509 3720 566 3763 non
589 3704 761 3778 perhiberet.
787 3701 1002 3760 Testimonium
1044 3695 1180 3769 parabilis
1193 3697 1287 3755 bonor
1301 3703 1355 3766 est,
1372 3712 1454 3754 mens
1469 3704 1565 3755 nostra
1579 3697 1819 3771 perpendatbed
1830 3699 1902 3760 libet

141 3808 266 3867 regua„
291 3793 369 3851 unde
387 3793 480 3852 David
495 3810 545 3852 rex
564 3814 569 3851 :
588 3818 599 3842 a
619 3793 707 3851 Terra
725 3800 822 3851 nostra
841 3793 921 3851 dabit
938 3792 1001 3850 ssu.
1042 3785 1103 3859 jam
1119 3784 1316 3844 translationis
1334 3786 1422 3860 hujus
1435 3785 1584 3844 historiam
1599 3786 1742 3846 succincte
1759 3794 1898 3849 transcur-

140 3888 225 3939 etum
250 3896 338 3940 suum
359 3884 444 3952 (psat,
468 3886 608 3949 Lxquv),
632 3905 644 3931 a
661 3881 698 3939 Et
718 3881 789 3939 alibi
802 3901 809 3938 :
823 3903 836 3934 «
848 3881 1004 3956 Aperiotnr
1046 3890 1119 3943 rere,
1140 3884 1173 3932 ut
1188 3875 1262 3934 nulli
1276 3874 1411 3948 deinceps
1427 3873 1462 3932 de
1477 3873 1624 3949 praeclarae
1638 3874 1829 3937 solemnitatis
1843 3880 1901 3940 hu·

143 3976 233 4039 terra,
247 3977 275 4028 et
289 3970 430 4045 germinet
446 3972 622 4031 salvatorem
638 3974 713 4029 Paul.
729 3977 823 4042 (xcv).
841 3994 855 4024 »
871 3972 906 4029 Et
921 3970 1004 4031 Salo·
1042 3964 1092 4039 ius
1103 3963 1215 4037 origine
1230 3979 1348 4037 prorsus
1361 3962 1495 4036 expediat
1507 3962 1649 4022 dubitare.

142 4077 216 4119 mou
229 4085 237 4119 ι
251 4081 266 4114 e
279 4060 432 4120 Omulmur
451 4078 496 4120 me
518 4063 618 4122 osculo
636 4063 695 4121 oris
714 4063 770 4132 sui,
793 4063 862 4137 quia
884 4062 1005 4121 meliora
1081 4052 1170 4111 Porro
1196 4061 1293 4111 autem
1324 4052 1393 4110 dum
1423 4051 1570 4110 confessor
1592 4052 1698 4112 Christi
1726 4052 1900 4119 Fredelinus

140 4158 214 4210 sunt
232 4151 322 4210 ubera
337 4160 386 4211 tua
404 4152 482 4221 tino,
507 4153 659 4226 fragrantia
678 4152 835 4227 unguentis
849 4153 975 4227 optimis,
990 4178 1003 4203 i
1046 4142 1122 4201 beati
1140 4140 1246 4199 Hilarii
1259 4140 1476 4208 monasterium,
1495 4139 1571 4215 quod
1593 4141 1625 4200 in
1643 4142 1816 4204 pictaviensi
1831 4146 1901 4205 sub·

138 4245 185 4298 et:
203 4260 219 4292 α
239 4239 314 4299 Dum
337 4247 411 4299 esset
432 4257 484 4299 rex
507 4241 538 4298 iu
561 4236 782 4311 accubitu'suo,
804 4241 913 4299 nardus
941 4256 1006 4301 mea
1047 4229 1132 4289 urbio
1154 4229 1243 4288 situm
1268 4236 1320 4301 cst,
1344 4228 1526 4288 laudabiliter
1543 4235 1654 4304 regeret
1670 4230 1772 4309 ibique
1796 4242 1904 4297 sanctae

137 4327 225 4386 dedit
246 4328 1006 4397 0q0semsuufflfflam,1),„T05qfflonjufflrurba.
1048 4317 1276 4377 conversationis
1312 4317 1480 4392 insignibus
1515 4317 1677 4393 disciplinis
1709 4326 1737 4380 et
1765 4325 1904 4397 praeclara

139 4434 224 4489 rum,
242 4418 321 4476 uode
335 4417 476 4478 dixerunt
489 4419 520 4477 in
544 4417 746 4490 Evangelioce
765 4416 898 4475 Vidimus
916 4419 1006 4475 mira-
1050 4423 1164 4467 motum
1188 4408 1337 4467 honestate
1362 4406 1493 4480 polleret,
1517 4406 1618 4466 beatus
1633 4409 1765 4471 Hilarius
1789 4413 1831 4472 illi
1853 4431 1905 4490 per

140 4507 216 4564 bilia
235 4507 322 4565 ponte.
336 4511 413 4576 (Luc,
431 4514 474 4577 v),
492 4533 505 4560 a
521 4508 573 4566 Ει,
587 4528 600 4561 «
617 4507 677 4564 Nisi
691 4513 765 4565 esser
779 4506 932 4576 hicasseo,
948 4521 1006 4566 110„
1051 4496 1195 4557 visionem
1211 4497 1383 4555 manifestus
1395 4495 1538 4570 apparuit,
1554 4502 1582 4554 et
1597 4497 1743 4558 lateralia
1762 4505 1904 4564 nonnulla

141 4602 243 4668 posset
270 4599 363 4655 lucere
386 4597 464 4671 quod
491 4597 558 4656 facit
577 4600 663 4670 (roan,
686 4596 745 4667 ext:
765 4603 905 4668 »propter
930 4594 1008 4668 quod
1052 4587 1106 4645 hoc
1124 4585 1169 4645 illi
1188 4587 1315 4660 quadam
1334 4585 1444 4643 vivacis
1460 4584 1576 4659 imperii
1597 4589 1764 4650 auctoritate
1784 4594 1905 4652 mauda-

142 4685 407 4744 volueruntetiam
418 4703 485 4746 eum
495 4702 604 4760 rapere,
615 4692 643 4743 et
653 4700 749 4759 regem
761 4685 853 4743 facere
862 4686 948 4755 (Joon.
958 4684 1008 4755 vt).
1052 4675 1104 4747 vit,
1121 4681 1154 4734 ut
1168 4675 1302 4735 videlicet
1321 4676 1381 4751 ipse
1400 4675 1489 4734 simul
1508 4683 1536 4734 et
1555 4676 1742 4739 Pictaviensis
1754 4684 1908 4760 episcopus

142 4772 363 4833 Testimonium
391 4776 537 4845 vivorum,
559 4773 691 4849 quirilli
711 4774 779 4846 duo,
800 4773 851 4848 qui
875 4773 957 4831 ibant
978 4773 1009 4831 in
1052 4767 1086 4825 ad
1103 4782 1201 4838 regem
1223 4766 1412 4837 Francorum,
1430 4766 1480 4840 qui
1503 4774 1573 4826 tunc
1590 4784 1688 4828 rerum
1704 4770 1906 4833 moderabatur

147 4860 308 4933 Emmaus,
325 4870 505 4922 receruntet
518 4870 709 4922 narraverunt
721 4863 818 4920 omnia
834 4861 953 4936 quaeeis
967 4876 1013 4920 ac·
1053 4856 1192 4926 habenas,
1217 4855 1420 4915 incunctanter
1437 4855 1613 4926 accederent,
1640 4866 1667 4916 et
1691 4867 1824 4934 sumptus
1846 4863 1904 4919 im-

146 4952 286 5010 ciderant
301 4954 375 5023 (tac.
392 4956 488 5026 xxiv).
506 4953 719 5012 Testimonium
733 4960 925 5022 mortuorum,
941 4952 1028 5028 quia·
1054 4946 1152 5022 pendi,
1171 4944 1279 5021 quibus
1302 4946 1436 5020 ampliari
1457 4952 1486 5005 et
1503 4943 1655 5016 augustius
1674 4945 1736 5005 fieri
1761 4955 1908 5010 monaste-

149 5068 164 5092 ·
182 5041 281 5101 multa
309 5057 426 5116 corpora
452 5050 628 5112 sauctorum,
659 5044 710 5117 qui
733 5042 921 5112 dormierant,
946 5058 1012 5101 sur·
1056 5036 1136 5096 rium
1155 5041 1260 5110 posset,
1281 5033 1457 5094 fiducialiter
1471 5034 1657 5106 postularent.
1683 5036 1795 5106 Quibus
1814 5040 1909 5100 verbis

147 5134 298 5189 rexerunt
323 5138 351 5187 et
379 5136 576 5204 apparuerunt
600 5129 702 5188 multis
728 5131 840 5195 (Horti.
869 5131 978 5202 xxvii).
997 5153 1011 5180 a
1055 5123 1175 5198 insuper
1196 5121 1308 5181 addidit
1334 5128 1376 5190 ut,
1404 5122 1562 5180 instaurato
1585 5122 1698 5181 noviter
1723 5128 1908 5200 monasterio,

148 5216 369 5278 Testimonium
382 5217 545 5290 brutorum,
557 5217 626 5290 quia
640 5240 652 5265 u
666 5217 864 5290 coguovitbos
874 5232 1014 5290 possesso
1056 5211 1153 5272 locum
1176 5210 1232 5270 sibi
1258 5217 1374 5270 sauctus
1395 5209 1484 5269 abbas
1502 5224 1663 5281 congruum
1685 5212 1857 5286 provideret,
1877 5216 1909 5275 iu

149 5323 221 5366 rem
241 5322 338 5374 suum,
356 5306 500 5365 erasinus
518 5320 646 5380 presepe
665 5304 780 5363 bomini
801 5304 848 5362 sui
867 5308 930 5373 lisa.
951 5310 1012 5368 rt.»
1056 5318 1114 5379 quo
1142 5317 1246 5375 corpus
1282 5302 1354 5375 ejus,
1392 5300 1463 5359 facta
1490 5301 1685 5373 translatione,
1712 5305 1908 5367 reconderent.

149 5395 372 5455 Testimonium
400 5390 423 5449 9
446 5393 524 5461 solis,
550 5393 667 5468 quaudo
694 5395 754 5468 ipsc
780 5393 950 5454 obscuratus
973 5402 1015 5453 est
1058 5390 1134 5461 Quos
1159 5389 1301 5448 nimirum
1326 5386 1418 5446 felicis
1442 5389 1550 5447 oraculi
1580 5388 1721 5459 legatione
1745 5395 1911 5467 perfunctos

150 5486 236 5557 (Luc.
252 5486 349 5555 xxm).
370 5482 580 5541 Testimonium
605 5485 826 5550 elementorum,
845 5481 914 5555 quia
935 5482 1015 5542 testi·
1057 5497 1110 5539 rex
1143 5480 1302 5539 clementer
1337 5494 1370 5537 ac
1409 5477 1533 5553 benigne
1567 5481 1702 5557 suscepit·
1728 5483 1827 5561 eisque
1862 5483 1909 5540 10

150 5570 295 5632 monium
311 5569 459 5645 perhibuit
474 5580 558 5643 terra,
569 5573 685 5646 quando
700 5576 880 5630 terremotus
893 5584 1016 5645 magnus
1059 5568 1213 5642 magnilica
1226 5568 1316 5642 regim
1330 5566 1510 5626 liberalitatis
1525 5584 1644 5628 munera
1663 5573 1795 5632 contulit.

151 5662 259 5720 factus
279 5666 323 5719 est
345 5660 457 5731 (Mani.
487 5667 595 5727 xxvut.
625 5656 835 5717 Testimonium
869 5657 1017 5732 perhibuit
1094 5655 1332 5716 atundamentts
1353 5671 1420 5731 ergo
1437 5657 1644 5720 monasterium
1662 5676 1713 5734 per
1734 5661 1864 5736 lawmos,
1879 5679 1914 5724 ac
