4100 6209
1640 191 1658 220 Ψ

162 351 216 413 719
473 347 504 412 S.
525 348 637 411 PETRI
654 345 816 409 ulutatu
834 345 913 409 OPP.
935 342 1032 446 PARS
1052 340 1124 405 SEU
1146 343 1273 408 TOMUS
1290 345 1329 407 11.
1350 377 1383 391 -
1403 343 1611 409 subitonus.
1860 341 1917 413 Νι)

162 481 203 542 ad
213 479 334 553 Filium,
349 483 377 540 el
394 469 594 540 ascendentem
613 478 759 539 demirans
772 478 813 536 ait
828 496 835 537 :
859 501 869 534 ι
887 476 958 548 Quis
973 475 1181 535 estAsublime
1190 498 1197 547 ;
1212 482 1241 535 et
1255 482 1316 536 orat
1329 474 1429 535 beatus
1443 474 1498 536 lob
1512 481 1546 533 ut
1561 477 1587 535 ei
1608 476 1697 536 multa
1711 478 1915 553 suppressione

162 569 228 642 iste,
243 568 294 642 oui
310 569 389 628 venit
402 566 439 626 de
452 565 553 638 Edem,
568 565 673 626 tinctis
684 566 811 626 vestibus
825 566 859 625 de
874 563 989 626 Bosral
1004 587 1017 618 o
1056 563 1216 636 claudatur,
1231 565 1331 625 dicens
1356 585 1363 625 :
1387 561 1461 620 204
1483 590 1496 614 t
1525 565 1587 624 Non
1615 565 1711 627 videat
1730 575 1826 627 ortum
1850 583 1917 627 sur·

161 663 227 729 (iso.
256 661 350 726 barti.)
376 655 513 715 Videntes
536 656 614 716 cuim
637 671 705 716 eum
726 655 880 732 sanguinei
904 653 1018 714 ruboris
1056 655 1151 728 gentis
1175 670 1287 713 aurora
1312 655 1369 728 (lob
1397 655 1450 726 vul.
1468 679 1481 702 n
1510 653 1595 714 Tuus
1620 662 1662 714 est
1689 656 1762 728 dics,
1781 655 1915 727 Domine,

162 747 241 806 unda
264 747 423 821 perfusum,
439 744 584 805 niirantur
605 744 668 820 ejus
692 745 869 819 patientiam,
883 750 910 803 ιι
930 743 1016 802 saevi·
1057 744 1086 803 in
1100 761 1158 820 quo
1173 746 1264 804 Adam
1279 751 1321 804 est
1335 745 1469 805 conditus
1479 763 1488 815 ;
1505 751 1553 804 tua
1564 754 1607 804 est
1618 763 1688 817 non,
1701 748 1731 806 in
1746 764 1804 822 oua
1821 747 1916 808 Adam

161 836 231 895 liam
244 832 424 905 ludaeorum,
438 833 490 909 qui
504 849 561 892 non
575 840 644 893 sunt
659 832 743 892 veriti
762 831 870 892 Filium
884 831 935 890 Dei
948 847 1016 890 cru·
1056 850 1073 892 a
1096 833 1143 892 die
1165 841 1207 893 est
1226 834 1352 908 ejectus,
1382 841 1412 893 tu
1436 832 1590 894 fabricatus
1613 851 1644 894 es
1664 852 1810 908 auroram,
1826 837 1855 896 id
1874 821 1917 896 est

159 925 200 983 cis
215 922 376 998 ignominia
392 923 593 988 condemnare.
617 921 795 993 «Gradiuus,
816 921 966 995 inquiunt,
983 920 1015 978 in
1059 920 1206 994 Virginem
1232 919 1535 994 matren1:etsolem,
1554 917 1651 981 Solem
1671 922 1805 981 videlicet
1826 924 1916 998 justi·

159 1012 347 1072 multitudine
366 1011 546 1071 fortitudinis
561 1027 622 1072 sua
636 1013 752 1080 (litutz
773 1036 783 1060 ·
801 1027 859 1070 non
875 1009 1014 1070 salumin
1058 1011 1114 1078 tiae,
1129 1011 1180 1086 qui
1193 1010 1230 1069 dc
1248 1010 1384 1085 virginali
1400 1009 1525 1088 thalamo
1540 1013 1732 1071 consurrexit.
1751 1012 1824 1071 Nam
1840 1013 1916 1071 sicut

158 1103 338 1174 fortitudine,
365 1103 414 1163 sad
438 1105 522 1163 etiam
548 1102 580 1163 in
605 1104 792 1163 multitudiue
816 1101 1011 1172 tortitudinis3
1055 1114 1161 1157 aurora
1175 1100 1332 1159 terminum
1352 1098 1453 1168 noctis,
1467 1098 1526 1158 diei
1544 1100 1720 1176 principium
1738 1100 1838 1161 adesse
1857 1109 1915 1161 tes·

157 1195 226 1271 quia
239 1194 322 1254 nulla
344 1194 480 1254 tortitudo
494 1195 595 1255 sortior
613 1193 677 1264 fuit,
694 1210 783 1269 quam
797 1193 940 1253 redimere
952 1208 1013 1251 ser·
1058 1193 1143 1258 tatur,
1168 1188 1209 1247 sic
1231 1197 1259 1247 et
1281 1188 1370 1263 Virgo
1390 1196 1502 1248 noctem
1520 1188 1634 1263 expulit
1653 1190 1870 1263 sempiternam,
1888 1195 1916 1249 et

156 1304 240 1357 vunv,
255 1294 283 1347 et
304 1287 335 1346 iu
365 1285 526 1346 divinitatis
550 1285 669 1345 dextera
695 1294 832 1360 perpetuo
861 1283 1010 1343 collocare.
1056 1274 1092 1334 de
1104 1276 1151 1335 dle
1165 1277 1253 1349 diem.
1269 1276 1304 1336 de
1316 1283 1392 1336 tella
1405 1292 1467 1336 8¹1ae
1480 1276 1656 1352 virginitatis
1667 1286 1815 1351 emtum,
1830 1278 1917 1338 tertii

191 1375 246 1436 Hae
264 1383 332 1435 suut
347 1375 407 1434 illae
426 1391 510 1434 voces
527 1391 593 1450 qum
607 1375 828 1434 descendentem
841 1373 878 1432 ad
893 1372 1011 1446 inleros,
1055 1364 1176 1424 infudit·

155 1464 193 1523 ab
228 1462 329 1521 inieris
369 1470 576 1535 resurgentem,
601 1462 802 1520 ascendentem
839 1460 874 1518 ad
914 1460 1011 1530 cmlos,
1091 1455 1286 1530 Progreditur,
1307 1456 1415 1532 inquit,
1437 1457 1520 1531 quasi
1543 1457 1643 1532 procul
1664 1457 1822 1532 egreditur.
1845 1459 1917 1535 quia

156 1550 327 1611 multiformi
342 1549 726 1625 praeconioprosequuntnr.
743 1547 798 1607 Sed
815 1548 876 1624 jam
896 1553 1012 1607 verten-
1054 1545 1164 1620 procul,
1189 1553 1217 1604 et
1242 1546 1278 1605 de
1304 1545 1416 1605 ultimis
1440 1546 1550 1606 linibus
1576 1547 1702 1622 pretium
1730 1549 1795 1623 ejus
1821 1553 1916 1619 (Prae.

155 1639 212 1704 dus
238 1647 280 1699 est
309 1637 402 1713 stylus
429 1637 465 1696 ad
492 1642 620 1695 sanctam
643 1643 820 1700 sanctarum,
840 1644 868 1693 et
893 1634 1012 1694 illorum
1054 1639 1156 1702 xxxv).
1171 1637 1295 1706 Aurora,
1322 1636 1390 1710 quia
1412 1636 1504 1695 noctis
1525 1636 1604 1708 Cois,
1624 1627 1652 1696 et
1676 1636 1750 1697 lucis
1771 1639 1914 1714 initium,

156 1729 311 1788 verborum
338 1726 488 1787 enodanda
509 1726 677 1801 proprietas,
703 1743 769 1803 quas
794 1725 908 1799 Virgini
927 1725 1010 1784 matri
1053 1741 1241 1800 consurgens,
1256 1727 1325 1803 quia
1349 1727 1385 1788 de
1406 1729 1524 1787 cadente
1543 1744 1756 1804 supersurgens
1780 1732 1914 1792 materia.

155 1824 224 1878 sunt
249 1817 409 1893 specialiter
437 1814 575 1875 dedicata.
602 1815 657 1876 Sed
683 1815 726 1875 uti
756 1813 1178 1897 superliminarcmBPulcbra
1201 1821 1233 1873 ut
1261 1814 1341 1875 luna.
1361 1815 1435 1886 Quid
1456 1816 1528 1876 luua
1547 1815 1708 1891 pulchrius,
1730 1833 1799 1878 cum
1823 1820 1916 1880 stellis

156 1907 272 1967 tilulum
300 1905 333 1964 iu
361 1906 454 1964 fronte
480 1904 572 1963 futuri
595 1904 710 1965 aedilicii
734 1920 940 1979 proponamus,
965 1903 1011 1962 di·
1053 1902 1270 1961 coruscantibus
1283 1903 1313 1961 in
1326 1904 1465 1979 signifero
1479 1903 1573 1964 limite
1586 1905 1766 1980 reliquorum
1781 1907 1915 1967 siderum

154 2012 254 2057 murus
279 1994 404 2054 breviter
434 1992 504 2069 quia
540 1993 632 2068 prima
664 1992 850 2069 interrogatio
876 1993 1012 2053 usuvenit
1052 1990 1236 2064 splendorem
1260 1991 1401 2053 excedit?
1424 1992 1581 2053 Considera
1599 2009 1687 2069 qnam
1708 1995 1861 2055 stellarum
1887 2003 1916 2055 et

153 2085 217 2160 ejus
229 2081 389 2153 Nativitati,
404 2080 530 2142 secunda
541 2082 604 2155 ejus
617 2081 839 2153 conversationi,
852 2082 935 2141 tertia
954 2083 1011 2140 As·
1052 2095 1152 2138 serena
1175 2080 1308 2151 vibratio,
1331 2097 1420 2157 quam
1442 2081 1607 2144 luminosus
1623 2084 1719 2158 fulgor
1738 2083 1913 2145 circularem

153 2173 322 2248 sumptioni.
343 2195 354 2225 ι
372 2171 442 2244 Quae
456 2179 499 2231 est
516 2172 580 2245 ista,
596 2195 607 2225 ι
636 2172 733 2247 inquit
753 2171 876 2247 Spiritus
894 2179 1010 2232 ιιιιιιιιι
1050 2167 1150 2227 orbem
1165 2169 1235 2228 tanti
1249 2169 1353 2230 sideris
1362 2172 1565 2245 superfundat,
1575 2178 1607 2231 ut
1620 2172 1746 2231 aliorum
1759 2173 1913 2234 luminum

153 2266 189 2325 de
211 2264 274 2341 ejus
296 2263 490 2335 Numitore«
511 2279 578 2338 ιιι
598 2265 790 2338 progreditur,
810 2263 886 2322 sicut
905 2278 1010 2322 aurora
1050 2254 1209 2315 claritatem
1234 2274 1292 2317 non
1320 2258 1502 2320 mediocriter
1523 2259 1669 2320 offuscet?
1692 2259 1740 2321 Sic
1763 2269 1792 2322 et
1823 2260 1914 2338 Virgo

52 2415 57 2422 g
151 2369 337 2429 consurgens,
354 2352 474 2428 pulchra
490 2359 524 2412 uc
541 2352 622 2426 luna,
638 2352 728 2412 electa
748 2359 781 2412 ut
803 2351 855 2422 sol,
872 2350 1009 2411 terribilis
1049 2343 1126 2404 inter
1138 2347 1251 2406 animas
1265 2354 1428 2408 sanctorum
1443 2355 1471 2407 et
1483 2350 1655 2426 augelorum
1669 2351 1774 2411 choros
1788 2366 1913 2430 supere·

151 2453 184 2505 ut
209 2451 368 2504 castrorum
394 2442 471 2502 acies
500 2442 658 2502 ordinata?
675 2466 688 2495 ι
703 2445 792 2515 icant.
808 2441 860 2513 vv.)
878 2440 948 2500 Haec
966 2446 1010 2501 est
1050 2436 1166 2496 mineus
1191 2444 1219 2496 et
1244 2445 1351 2511 evecta,
1379 2439 1482 2498 merita
1509 2440 1694 2515 singulorum
1716 2447 1745 2499 et
1773 2437 1911 2501 omnium

152 2548 251 2608 «quae
275 2530 398 2590 nescivit
420 2538 516 2589 torum
541 2529 692 2588 indelicta
714 2531 791 2601 (Sap.
815 2533 897 2599 111).»
920 2527 1008 2602 Virgo
1050 2523 1150 2584 titulos
1161 2525 1314 2586 antecedit.
1329 2527 1548 2600 Quantumlibet
1560 2527 1627 2588 aliea
1640 2527 1731 2588 stellae
1745 2528 1911 2600 reluceant,

150 2621 203 2681 Dei
225 2619 300 2680 Filio
323 2618 509 2694 singulariter
525 2625 698 2688 consecrata,
725 2616 884 2691 specialiter
909 2621 1007 2675 sancto
1048 2609 1118 2671 luna
1133 2620 1229 2673 tamen
1247 2622 1276 2674 et
1298 2617 1498 2692 magnitudine
1513 2618 1682 2693 praeeminet
1701 2625 1728 2677 et
1742 2618 1911 2692 splendore.

152 2713 304 2787 conjugata
332 2708 468 2785 Spiritui.
499 2731 510 2762 ι
541 2708 613 2779 Qua
635 2709 825 2784 progreditur,
853 2733 867 2757 »
898 2707 1005 2784 inquit,
1049 2700 1096 2762 Sic
1110 2711 1265 2780 utramque
1282 2711 1416 2766 naturam
1431 2707 1519 2782 Virgo
1533 2707 1694 2782 singularis
1707 2717 1869 2783 exsuperat
1884 2715 1912 2769 et

151 2824 165 2853 a
181 2801 256 2861 sicut
276 2814 380 2859 aurora
404 2797 728 2872 consurgemusouam
745 2796 861 2870 elegans
885 2803 912 2856 et
930 2797 1007 2856 clara
1046 2792 1240 2852 immensitate
1263 2796 1364 2869 gratiae
1388 2801 1415 2854 et
1437 2797 1548 2872 fulgore
1566 2798 1721 2858 virtutum.
1748 2787 1848 2858 Electa
1879 2805 1912 2859 ut

150 2887 321 2961 similitudo,
337 2895 365 2947 et
392 2904 430 2946 en
457 2886 538 2947 illios
563 2885 717 2960 disciplina
745 2884 932 2958 descendens,
953 2885 1005 2961 qui
1046 2881 1099 2941 sol.
1115 2881 1198 2941 Hanc
1210 2882 1325 2942 attende
1342 2884 1578 2957 similitudinem,
1594 2901 1652 2962 qua
1668 2886 1751 2944 nulla
1770 2887 1802 2944 iu
1818 2886 1912 2946 rebus

150 2994 300 3040 summum
335 2976 483 3053 sapientiae
513 2977 622 3037 iontem
648 2976 679 3035 in
705 2975 830 3035 Canticis
854 2974 1007 3035 affluenter
1047 2971 1149 3030 mundi
1164 2978 1254 3046 potest
1270 2988 1331 3032 esse
1346 2973 1509 3033 sublimior.
1526 2974 1607 3033 Nihil
1623 2976 1703 3035 enim
1718 2975 1823 3035 babuit
1839 2974 1911 3051 Spi-

149 3066 284 3129 inclusitl
1046 3061 1119 3121 ritus
1131 3061 1162 3120 in
1178 3061 1345 3122 visibilibus
1363 3064 1503 3124 creaturis
1521 3064 1720 3132 excellentius,
1742 3066 1790 3125 cui
1806 3067 1911 3127 excel·

183 3159 216 3218 ln
238 3157 398 3218 meridiano
422 3156 533 3216 lumine
557 3155 670 3230 primus
694 3153 744 3213 ille
764 3168 869 3228 parens
892 3150 1165 3252 creatus-Cicutiam
1184 3150 1313 3225 Virginis
1329 3161 1515 3228 compararet.
1537 3153 1629 3215 Multo
1645 3154 1724 3214 enim
1742 3154 1830 3215 altius
1851 3156 1911 3215 ali·

145 3257 199 3321 est,
214 3250 305 3308 lactus
320 3249 355 3308 ad
369 3248 527 3322 imaginem
542 3254 569 3305 et
585 3243 807 3303 similitudinem
828 3241 1001 3301 Conditoris.
1045 3240 1114 3313 quid
1131 3240 1215 3298 babet
1232 3239 1347 3301 claritas
1365 3240 1434 3300 solis
1453 3258 1541 3316 quam
1559 3243 1658 3316 lunae3
1678 3243 1792 3316 uuiaet
1811 3244 1837 3302 si
1857 3245 1910 3303 illa

145 3339 220 3411 Quid
242 3338 320 3398 enim
341 3336 457 3409 clarius,
470 3351 558 3411 quam
575 3341 703 3394 creatum
724 3331 837 3392 Creonti
860 3347 917 3390 noo
942 3347 1003 3390 esse
1043 3328 1278 3389 minoresstellas
1292 3333 1436 3403 obscurat,
1449 3338 1616 3393 nontamen
1633 3334 1747 3410 penitus
1760 3335 1907 3408 occultat;

143 3426 346 3489 dissimilem?
368 3426 559 3497 «Faciamus,
580 3423 687 3499 inquit,
711 3422 859 3481 bominem
876 3420 911 3479 ad
929 3421 1002 3480 ima·
1042 3418 1091 3477 lric
1107 3435 1175 3478 vero
1200 3419 1327 3479 lucidius
1347 3420 1564 3493 incandescens,
1580 3421 1620 3481 ita
1641 3422 1697 3481 sibi
1719 3423 1853 3483 siderum
1880 3431 1910 3484 et

144 3522 244 3594 ςίιιιιιι
254 3525 283 3578 ιι
295 3517 519 3578 similitudinem
533 3519 662 3574 nostram
680 3514 757 3583 (Gen.
769 3515 800 3583 1).
817 3512 1002 3586 »imaginem
1043 3507 1122 3565 lunae
1146 3507 1220 3582 rapit
1248 3508 1431 3584 positionem,
1447 3515 1479 3569 ut
1507 3510 1566 3569 sint
1593 3512 1678 3586 quasi
1705 3527 1764 3572 uon
1789 3513 1863 3585 sint,
1880 3519 1910 3574 et

86 3641 89 3647 ·
143 3609 222 3671 dedit
243 3609 271 3668 ei
297 3609 327 3667 iu
356 3606 525 3671 aeternitate,
545 3602 767 3664 similitudinem
792 3602 824 3660 in
850 3602 999 3674 moribus;
1043 3594 1136 3653 videri
1152 3611 1208 3654 non
1226 3598 1345 3671 possint.

142 3704 174 3758 ut
190 3697 227 3757 sit
238 3696 343 3756 similis
358 3694 496 3766 Creatori,
512 3694 537 3754 si
556 3709 615 3752 aon
632 3692 790 3762 identitate,
807 3691 1000 3751 similitudine
1078 3684 1219 3744 Similiter
1242 3693 1270 3744 et
1295 3685 1376 3761 virga
1399 3686 1488 3759 lesse,
1504 3686 1566 3745 veri
1585 3689 1693 3761 praevia
1715 3687 1851 3760 luminis.
1875 3691 1909 3750 in

142 3793 248 3847 lamen.
279 3785 335 3846 Sed
361 3784 421 3857 illc,
449 3783 520 3843 tanti
543 3781 690 3858 privilegii
716 3781 856 3856 dignitate
885 3780 998 3855 reiecta,
1039 3774 1091 3833 illo
1106 3775 1297 3836 inaccessibili
1314 3776 1378 3836 luce
1398 3777 1561 3852 perlucens,
1577 3777 1618 3837 sic
1637 3786 1829 3856 utrorumque
1843 3781 1908 3858 spi·

141 3882 279 3953 apostatas
292 3876 412 3952 spiritus
427 3873 497 3932 falsa
512 3872 702 3949 promissione
718 3870 857 3930 delinitus
871 3870 997 3941 inhaesit,
1040 3866 1148 3925 rituum
1170 3866 1283 3925 hebetat
1303 3866 1481 3941 dignitatem,
1504 3875 1535 3927 ut
1551 3867 1583 3927 in
1602 3870 1816 3944 comparatione
1835 3872 1907 3932 Vir·

141 3972 170 4024 et
184 3983 215 4025 se
227 3980 295 4025 cum
311 3962 477 4038 posteritate
495 3976 548 4020 sua
568 3966 713 4037 perpetuae
731 3958 817 4018 morti
833 3957 997 4028 destinavit,
1038 3953 1116 4026 ginis
1139 3970 1193 4013 nec
1216 3955 1328 4029 possint
1353 3970 1407 4015 nec
1431 3953 1554 4017 debeant
1579 3973 1726 4034 apparere.
1743 3961 1790 4020 An
1817 3970 1908 4036 putas

139 4062 167 4115 et
191 4053 326 4114 tenebris.
344 4052 388 4111 nb
408 4050 459 4110 illa
483 4050 553 4109 liora
574 4049 699 4109 tenebra
719 4048 801 4107 lactas
819 4052 888 4106 suut
911 4061 999 4121 super
1039 4043 1114 4119 quod
1140 4059 1197 4102 non
1221 4043 1422 4103 contremiscat
1447 4050 1504 4103 tnta
1533 4045 1683 4106 rationalis
1708 4056 1842 4108 creatura
1867 4050 1906 4110 ad

143 4143 311 4203 universam
331 4149 434 4199 terram
449 4154 542 4211 uscue
559 4137 594 4195 ad
609 4136 778 4210 Virginem3
794 4135 997 4194 necinventus
1036 4131 1307 4206 contemplationem
1322 4139 1408 4192 mutae
1419 4133 1570 4208 dignitatis
1584 4133 1598 4193 ‘l
1613 4135 1771 4196 Considera
1787 4145 1816 4197 et
1832 4154 1906 4214 quas

138 4237 182 4291 est
199 4228 309 4303 aliquis
326 4227 377 4302 uui
402 4227 448 4284 vel
470 4226 563 4283 exiret
583 4225 619 4283 de
642 4224 779 4294 tenebris,
795 4221 841 4281 vel
863 4223 996 4282 tenebras
1037 4221 1067 4278 in
1084 4220 1173 4291 coelis,
1199 4226 1227 4279 et
1250 4236 1321 4296 qua
1340 4222 1370 4281 iu
1399 4222 1483 4281 terris
1510 4224 1540 4283 in
1571 4223 1693 4299 Virgine
1718 4226 1904 4297 refabricata,

138 4318 302 4393 dissipasse
327 4315 377 4374 sed
400 4314 510 4373 mundo
533 4317 678 4372 crescente
697 4310 842 4370 concrevit
865 4317 893 4369 et
915 4318 996 4370 tene·
1037 4307 1142 4379 Deum,
1168 4308 1219 4382 qui
1240 4310 1348 4369 coelum
1370 4309 1466 4384 palma
1486 4312 1615 4384 metitur,
1642 4313 1767 4388 virginei
1789 4318 1907 4376 renuis

136 4410 221 4468 brosa
242 4420 357 4479 vorago,
372 4404 463 4463 donec
484 4404 514 4463 in
537 4401 738 4461 densissimam
757 4400 924 4474 conglobata
949 4401 994 4460 oi·
1037 4396 1176 4457 brevitate
1187 4399 1368 4471 conclusum,
1384 4399 1611 4474 redemptionem
1627 4403 1799 4477 bominum,
1813 4421 1906 4482 ange

138 4495 298 4573 gredinem,
316 4494 478 4553 humanum
496 4506 589 4566 genus
608 4497 691 4549 nocte
712 4487 831 4547 terribili
850 4488 992 4564 sepelivit.
1040 4488 1134 4548 lorum
1148 4490 1399 4562 restaurationem,
1415 4491 1542 4566 denique
1556 4493 1700 4569 quidquid
1714 4502 1768 4567 est,
1785 4495 1857 4566 init,
1876 4505 1907 4557 et

138 4584 209 4644 Haec
226 4589 269 4644 est
283 4581 333 4640 illa
348 4596 406 4640 nox
431 4580 572 4654 solitaria,
586 4595 640 4638 nec
661 4579 747 4639 laude
766 4578 864 4652 digna,
877 4579 912 4637 de
936 4594 994 4652 oua
1005 4553 1092 4638 Derit
1108 4595 1157 4654 per
1175 4580 1308 4653 Virginis
1323 4588 1439 4640 uterum
1457 4588 1641 4652 renovatum,
1654 4588 1683 4640 et
1698 4589 1768 4643 tuac
1784 4585 1837 4644 tibi
1852 4601 1906 4646 eo-

137 4673 276 4747 scriptum
296 4677 362 4729 est:
383 4670 538 4730 «Posuisti
565 4667 707 4739 tenebras,
727 4672 754 4727 et
777 4668 849 4726 facta
871 4674 913 4727 est
933 4682 992 4726 oon
1036 4667 1136 4741 gitatin
1165 4675 1298 4743 suggeret
1318 4668 1395 4743 quod
1417 4668 1523 4728 locutio
1549 4668 1747 4730 demonstrare
1768 4687 1828 4732 nnn
1849 4690 1907 4749 po-

137 4764 219 4837 terat.
235 4761 304 4831 citi).
327 4780 342 4813 s
368 4758 402 4818 In
432 4758 492 4832 ipsa
520 4758 746 4832 pertransierant
771 4772 872 4817 omnes
893 4758 993 4817 bestiae
1038 4764 1101 4816 test.
1125 4755 1232 4830 Electa,
1252 4759 1357 4834 inquit,
1382 4757 1432 4818 sed
1458 4765 1485 4817 et
1511 4759 1671 4834 praelecta.
1690 4759 1728 4821 Ut
1749 4761 1803 4834 sol,
1829 4764 1908 4838 quia

135 4852 238 4921 silvas,
264 4852 333 4925 quia
358 4847 491 4907 crudeles
518 4853 545 4905 et
569 4845 703 4906 indomiti
730 4847 848 4920 spiritus
876 4846 994 4907 dimotis
1037 4847 1114 4906 sicot
1131 4847 1173 4908 sol
1196 4849 1276 4909 solus
1299 4849 1399 4908 orbem
1423 4847 1586 4922 illuminat;
1600 4852 1643 4911 sic
1660 4850 1725 4912 baec
1742 4853 1804 4912 sola
1827 4851 1909 4912 soli·

136 4940 292 5016 repagulis,
309 4940 474 4998 liumunom
489 4951 582 5010 genus
595 4935 661 4994 totis
672 4934 785 4994 viribus
798 4934 992 4997 obtriverunt.
1036 4937 1111 4996 diori
1126 4939 1239 4998 lumine
1253 4945 1282 4998 et
1293 4939 1411 5015 angelos
1428 4947 1456 4997 et
1471 4940 1606 5000 homines
1620 4942 1755 5002 illustrat.
1771 4941 1911 5003 Terribi-

139 5033 193 5092 Sed
218 5038 284 5088 nata
300 5025 419 5098 Virgine
440 5024 567 5084 surrexit
587 5037 707 5094 aurura;
731 5023 799 5097 quia
823 5022 912 5082 illaria
932 5025 993 5083 veri
1038 5024 1073 5085 lis
1086 5035 1286 5087 utcastrorum
1302 5029 1378 5087 acies
1392 5028 1534 5101 ordinata,
1550 5027 1687 5088 terribilis
1698 5030 1909 5102 damonibus,

139 5123 246 5199 praevia
271 5119 402 5190 luminis,
431 5116 581 5175 nativitate
608 5130 660 5174 sua
689 5130 774 5174 mane
796 5116 994 5175 clarissimum
1036 5114 1166 5175 ordinata
1201 5118 1366 5188 virtutibus,
1391 5117 1547 5192 singularis
1582 5120 1667 5177 timor
1697 5118 1910 5196 malignorum
2011 5171 2012 5188 ,

137 5213 292 5272 serenavit.
308 5210 377 5269 Haec
397 5215 440 5268 est
454 5206 535 5265 stella
551 5205 692 5264 matutina
706 5206 736 5266 in
753 5206 848 5265 medio
867 5205 992 5277 nebulae,
1035 5206 1204 5281 spirituum,
1226 5207 1359 5281 specialis
1377 5224 1459 5267 amor
1478 5209 1587 5268 civium
1609 5210 1767 5270 beatorum.
1791 5209 1910 5288 Sequi·
2011 5207 2012 5232 ¹

139 5318 205 5377 quae
232 5302 263 5361 iu
288 5298 353 5359 coeli
381 5296 498 5356 cardine
519 5310 633 5354 summo
653 5293 805 5368 splendore
829 5293 992 5367 coruscans,
1037 5296 1570 5384 turdeejuscunversalione:s0uae
1583 5299 1910 5378 estista,qoaeasceu·
2011 5299 2012 5320 ¹

138 5391 239 5450 orbem
263 5387 413 5447 subditum
439 5383 686 5460 splendidioribus
720 5382 809 5443 radiis
843 5382 992 5443 incolorat.
1035 5385 1077 5445 dit
1099 5402 1149 5460 per
1168 5387 1324 5463 desertum,
1339 5389 1414 5450 sicut
1431 5390 1546 5469 virgula
1565 5391 1641 5462 lumi
1657 5407 1696 5453 ex
1714 5393 1911 5459 aromatibus

138 5480 210 5545 uae
234 5482 277 5539 cst
302 5489 416 5552 aurora,
440 5488 528 5555 uuam
549 5473 691 5552 secutur,
714 5470 772 5536 ime
796 5470 833 5537 de
857 5487 915 5553 cua
940 5488 994 5537 aa·
1034 5479 1175 5557 myrtite,
1190 5485 1218 5542 ιι
1231 5479 1333 5554 thuris,
1350 5488 1378 5544 ιι
1392 5483 1523 5545 universi
1540 5483 1670 5559 pulveris
1681 5484 1909 5562 pigmentarii?

138 5573 229 5635 scitur
263 5568 312 5631 Sol
343 5569 474 5643 justitiae,
506 5569 597 5630 solius
635 5568 756 5634 claritati
791 5568 991 5634 succumbens.
1035 5570 1092 5630 Ista
1109 5577 1152 5631 est
1172 5571 1302 5646 speciosa
1320 5571 1397 5644 iuter
1416 5572 1490 5634 lilius
1507 5573 1667 5646 Jerusalem
1692 5578 1782 5658 (Cgat.
1804 5582 1870 5648 111).
1888 5602 1906 5627 ι

138 5667 210 5725 Hac
221 5668 264 5725 est
275 5675 390 5732 aurora,
405 5675 494 5735 quam
513 5659 564 5719 ille
576 5675 635 5721 nou
653 5658 727 5720 vidit
744 5659 796 5733 qui
812 5657 885 5719 vidit
905 5674 993 5721 omne
1034 5660 1186 5722 Desertum
1197 5667 1240 5722 est
1252 5662 1470 5740 vaducbujus
1480 5664 1595 5739 muudi,
1606 5664 1705 5741 inquo
1716 5665 1815 5727 ιιιιίω
1827 5670 1907 5745 agri
