<?xml version="1.0" encoding="UTF-8"?>
<!DOCTYPE html PUBLIC "-//W3C//DTD XHTML 1.0 Transitional//EN"
    "http://www.w3.org/TR/xhtml1/DTD/xhtml1-transitional.dtd">
<html xmlns="http://www.w3.org/1999/xhtml" xml:lang="en" lang="en">
 <head>
  <title>
</title>
<meta http-equiv="Content-Type" content="text/html;charset=utf-8" />
  <meta name='ocr-system' content='tesseract 3.04.00' />
  <meta name='ocr-capabilities' content='ocr_page ocr_carea ocr_par ocr_line ocrx_word'/>
</head>
<body>
  <div class='ocr_page' id='page_1' title='image "./patrologiaecurs123unkngoog/patrologiaecurs123unkngoog_0293.png"; bbox 0 0 4100 6209; ppageno 0'>
   <div class='ocr_carea' id='block_1_1' title="bbox 218 187 2022 425">
    <p class='ocr_par' dir='ltr' id='par_1_1' title="bbox 218 171 2022 425">
     <span class='ocr_line' id='line_1_1' title="bbox 220 187 1974 290; baseline 0.005 -11"><span class='ocrx_word' id='word_1_1' title='bbox 220 219 274 280; x_wconf 77' lang='lat'>⁵75</span> <span class='ocrx_word' id='word_1_2' title='bbox 529 219 559 280; x_wconf 88' lang='lat' dir='ltr'>S.</span> <span class='ocrx_word' id='word_1_3' title='bbox 580 217 691 279; x_wconf 77' lang='lat' dir='ltr'>Parui</span> <span class='ocrx_word' id='word_1_4' title='bbox 709 217 871 279; x_wconf 81' lang='lat' dir='ltr'>DAMthl</span> <span class='ocrx_word' id='word_1_5' title='bbox 890 217 969 282; x_wconf 85' lang='lat' dir='ltr'><strong>OPP.</strong></span> <span class='ocrx_word' id='word_1_6' title='bbox 992 217 1089 280; x_wconf 79' lang='lat' dir='ltr'>PARS</span> <span class='ocrx_word' id='word_1_7' title='bbox 1107 217 1180 280; x_wconf 78' lang='lat' dir='ltr'>suti</span> <span class='ocrx_word' id='word_1_8' title='bbox 1196 218 1322 282; x_wconf 75' lang='lat' dir='ltr'>tomus</span> <span class='ocrx_word' id='word_1_9' title='bbox 1339 220 1378 280; x_wconf 90' lang='grc' dir='ltr'>Π.</span> <span class='ocrx_word' id='word_1_10' title='bbox 1399 187 1435 265; x_wconf 56' lang='grc' dir='ltr'>ἔ-</span> <span class='ocrx_word' id='word_1_11' title='bbox 1453 218 1668 282; x_wconf 73' lang='lat' dir='ltr'>subuectus.</span> <span class='ocrx_word' id='word_1_12' title='bbox 1926 226 1974 290; x_wconf 81' lang='lat' dir='ltr'>tta</span> 
     </span>
     <span class='ocr_line' id='line_1_2' title="bbox 218 309 2022 425; baseline 0.004 -20"><span class='ocrx_word' id='word_1_13' title='bbox 218 346 349 420; x_wconf 82' lang='lat' dir='ltr'>densque</span> <span class='ocrx_word' id='word_1_14' title='bbox 367 358 455 404; x_wconf 87' lang='lat' dir='ltr'>suum</span> <span class='ocrx_word' id='word_1_15' title='bbox 476 342 660 418; x_wconf 73' lang='lat' dir='ltr'>interpretem</span> <span class='ocrx_word' id='word_1_16' title='bbox 680 340 865 417; x_wconf 90' lang='lat' dir='ltr'>purissimam</span> <span class='ocrx_word' id='word_1_17' title='bbox 888 343 1016 404; x_wconf 90' lang='lat' dir='ltr'>tenuisse</span> <span class='ocrx_word' id='word_1_18' title='bbox 1039 342 1112 405; x_wconf 77' lang='lat' dir='ltr'>ue</span> <span class='ocrx_word' id='word_1_19' title='bbox 1153 341 1218 402; x_wconf 87' lang='lat' dir='ltr'>Jam</span> <span class='ocrx_word' id='word_1_20' title='bbox 1242 358 1310 403; x_wconf 91' lang='lat' dir='ltr'>vero</span> <span class='ocrx_word' id='word_1_21' title='bbox 1337 342 1403 417; x_wconf 80' lang='lat' dir='ltr'>puis</span> <span class='ocrx_word' id='word_1_22' title='bbox 1428 347 1538 404; x_wconf 79' lang='lat' dir='ltr'>taumm</span> <span class='ocrx_word' id='word_1_23' title='bbox 1563 342 1641 404; x_wconf 84' lang='lat' dir='ltr'>Petri</span> <span class='ocrx_word' id='word_1_24' title='bbox 1663 343 1797 422; x_wconf 86' lang='lat' dir='ltr'>gloriam,</span> <span class='ocrx_word' id='word_1_25' title='bbox 1823 348 1894 425; x_wconf 77' lang='lat' dir='ltr'>quis</span> <span class='ocrx_word' id='word_1_26' title='bbox 1920 355 1975 412; x_wconf 84' lang='lat' dir='ltr'>tam</span> <span class='ocrx_word' id='word_1_27' title='bbox 2021 309 2022 314; x_wconf 5' lang='grc' dir='ltr'>ἵ</span> 
     </span>
    </p>
   </div>
   <div class='ocr_carea' id='block_1_2' title="bbox 215 517 1979 1138">
    <p class='ocr_par' dir='ltr' id='par_1_2' title="bbox 215 517 1979 1138">
     <span class='ocr_line' id='line_1_3' title="bbox 217 517 1976 605; baseline 0.002 -19"><span class='ocrx_word' id='word_1_28' title='bbox 217 525 359 593; x_wconf 70' lang='lat' dir='ltr'>attribuit,</span> <span class='ocrx_word' id='word_1_29' title='bbox 373 517 421 576; x_wconf 79' lang='lat'>67</span> <span class='ocrx_word' id='word_1_30' title='bbox 440 520 653 595; x_wconf 81' lang='lat' dir='ltr'>legendumque</span> <span class='ocrx_word' id='word_1_31' title='bbox 671 528 777 580; x_wconf 80' lang='lat' dir='ltr'>sanctae</span> <span class='ocrx_word' id='word_1_32' title='bbox 795 522 956 581; x_wconf 90' lang='lat' dir='ltr'>universati</span> <span class='ocrx_word' id='word_1_33' title='bbox 975 522 1074 582; x_wconf 92' lang='lat' dir='ltr'>Eccle·</span> <span class='ocrx_word' id='word_1_34' title='bbox 1118 536 1187 579; x_wconf 93' lang='lat' dir='ltr'>cum</span> <span class='ocrx_word' id='word_1_35' title='bbox 1203 519 1334 582; x_wconf 77' lang='lat' dir='ltr'>Salvator</span> <span class='ocrx_word' id='word_1_36' title='bbox 1353 519 1515 597; x_wconf 77' lang='lat' dir='ltr'>inquireret</span> <span class='ocrx_word' id='word_1_37' title='bbox 1527 539 1615 600; x_wconf 85' lang='lat' dir='ltr'>quem</span> <span class='ocrx_word' id='word_1_38' title='bbox 1628 534 1692 585; x_wconf 87' lang='lat' dir='ltr'>esse</span> <span class='ocrx_word' id='word_1_39' title='bbox 1710 541 1742 585; x_wconf 89' lang='lat' dir='ltr'>ae</span> <span class='ocrx_word' id='word_1_40' title='bbox 1757 527 1894 590; x_wconf 88' lang='lat' dir='ltr'>homines</span> <span class='ocrx_word' id='word_1_41' title='bbox 1914 545 1976 605; x_wconf 84' lang='lat' dir='ltr'>per·</span> 
     </span>
     <span class='ocr_line' id='line_1_4' title="bbox 217 607 1977 693; baseline 0.003 -20"><span class='ocrx_word' id='word_1_42' title='bbox 217 614 270 673; x_wconf 86' lang='lat' dir='ltr'>siae</span> <span class='ocrx_word' id='word_1_43' title='bbox 293 609 445 684; x_wconf 87' lang='lat' dir='ltr'>delegavit.</span> <span class='ocrx_word' id='word_1_44' title='bbox 469 607 655 668; x_wconf 85' lang='lat' dir='ltr'>Postmodum</span> <span class='ocrx_word' id='word_1_45' title='bbox 682 625 750 668; x_wconf 92' lang='lat' dir='ltr'>vero</span> <span class='ocrx_word' id='word_1_46' title='bbox 775 610 820 669; x_wconf 90' lang='lat' dir='ltr'>vir</span> <span class='ocrx_word' id='word_1_47' title='bbox 842 611 1015 685; x_wconf 86' lang='lat' dir='ltr'>apostolicus</span> <span class='ocrx_word' id='word_1_48' title='bbox 1037 613 1074 671; x_wconf 92' lang='lat' dir='ltr'>ad</span> <span class='ocrx_word' id='word_1_49' title='bbox 1117 607 1261 681; x_wconf 89' lang='lat' dir='ltr'>biberent,</span> <span class='ocrx_word' id='word_1_50' title='bbox 1275 609 1472 685; x_wconf 76' lang='lat' dir='ltr'>expositisque</span> <span class='ocrx_word' id='word_1_51' title='bbox 1491 611 1672 672; x_wconf 87' lang='lat' dir='ltr'>diversorum</span> <span class='ocrx_word' id='word_1_52' title='bbox 1692 613 1894 690; x_wconf 84' lang='lat' dir='ltr'>opinionibus,</span> <span class='ocrx_word' id='word_1_53' title='bbox 1907 619 1977 693; x_wconf 79' lang='lat' dir='ltr'>qnid</span> 
     </span>
     <span class='ocr_line' id='line_1_5' title="bbox 218 696 1979 778; baseline 0.004 -17"><span class='ocrx_word' id='word_1_54' title='bbox 218 701 376 775; x_wconf 75' lang='lat' dir='ltr'>Egyptnm</span> <span class='ocrx_word' id='word_1_55' title='bbox 397 696 540 756; x_wconf 87' lang='lat' dir='ltr'>transiens</span> <span class='ocrx_word' id='word_1_56' title='bbox 554 713 604 771; x_wconf 93' lang='lat' dir='ltr'>per</span> <span class='ocrx_word' id='word_1_57' title='bbox 619 698 741 772; x_wconf 80' lang='lat' dir='ltr'>Lybiam</span> <span class='ocrx_word' id='word_1_58' title='bbox 761 697 939 760; x_wconf 77' lang='lat' dir='ltr'>Marmaricae</span> <span class='ocrx_word' id='word_1_59' title='bbox 957 708 984 759; x_wconf 92' lang='lat' dir='ltr'>et</span> <span class='ocrx_word' id='word_1_60' title='bbox 1000 702 1073 759; x_wconf 83' lang='lat' dir='ltr'>dm·</span> <span class='ocrx_word' id='word_1_61' title='bbox 1116 697 1246 772; x_wconf 83' lang='lat' dir='ltr'>Apostoli</span> <span class='ocrx_word' id='word_1_62' title='bbox 1268 698 1395 758; x_wconf 89' lang='lat' dir='ltr'>sentiant</span> <span class='ocrx_word' id='word_1_63' title='bbox 1412 697 1616 771; x_wconf 90' lang='lat' dir='ltr'>consuluntur,</span> <span class='ocrx_word' id='word_1_64' title='bbox 1636 706 1707 761; x_wconf 89' lang='lat' dir='ltr'>tuuc</span> <span class='ocrx_word' id='word_1_65' title='bbox 1729 702 1844 778; x_wconf 91' lang='lat' dir='ltr'>primus</span> <span class='ocrx_word' id='word_1_66' title='bbox 1867 703 1979 768; x_wconf 78' lang='lat' dir='ltr'>exstitit</span> 
     </span>
     <span class='ocr_line' id='line_1_6' title="bbox 218 785 1977 867; baseline 0.004 -18"><span class='ocrx_word' id='word_1_67' title='bbox 218 790 358 849; x_wconf 84' lang='lat' dir='ltr'>moniacae</span> <span class='ocrx_word' id='word_1_68' title='bbox 385 786 453 845; x_wconf 87' lang='lat' dir='ltr'>tiuei</span> <span class='ocrx_word' id='word_1_69' title='bbox 475 801 572 844; x_wconf 88' lang='lat' dir='ltr'>semen</span> <span class='ocrx_word' id='word_1_70' title='bbox 599 788 723 861; x_wconf 62' lang='lat' dir='ltr'>sparsim</span> <span class='ocrx_word' id='word_1_71' title='bbox 748 786 935 862; x_wconf 81' lang='lat' dir='ltr'>Pentapoleos</span> <span class='ocrx_word' id='word_1_72' title='bbox 958 806 1074 865; x_wconf 81' lang='lat' dir='ltr'>quoque</span> <span class='ocrx_word' id='word_1_73' title='bbox 1116 788 1146 845; x_wconf 93' lang='lat' dir='ltr'>in</span> <span class='ocrx_word' id='word_1_74' title='bbox 1171 803 1249 848; x_wconf 79' lang='lat' dir='ltr'>verre</span> <span class='ocrx_word' id='word_1_75' title='bbox 1270 789 1338 848; x_wconf 87' lang='lat' dir='ltr'>fidei</span> <span class='ocrx_word' id='word_1_76' title='bbox 1365 785 1698 867; x_wconf 65' lang='lat' dir='ltr'>confusionemque</span> <span class='ocrx_word' id='word_1_77' title='bbox 1722 793 1836 867; x_wconf 90' lang='lat' dir='ltr'>primus</span> <span class='ocrx_word' id='word_1_78' title='bbox 1860 801 1925 856; x_wconf 84' lang='lat' dir='ltr'>evat</span> <span class='ocrx_word' id='word_1_79' title='bbox 1948 798 1977 856; x_wconf 92' lang='lat' dir='ltr'>in</span> 
     </span>
     <span class='ocr_line' id='line_1_7' title="bbox 215 875 1974 955; baseline 0.005 -20"><span class='ocrx_word' id='word_1_80' title='bbox 215 876 374 955; x_wconf 88' lang='lat' dir='ltr'>gentilibus</span> <span class='ocrx_word' id='word_1_81' title='bbox 398 875 513 949; x_wconf 88' lang='lat' dir='ltr'>populis</span> <span class='ocrx_word' id='word_1_82' title='bbox 537 875 641 934; x_wconf 81' lang='lat' dir='ltr'>tllrristi</span> <span class='ocrx_word' id='word_1_83' title='bbox 673 876 865 951; x_wconf 89' lang='lat' dir='ltr'>Evangelium</span> <span class='ocrx_word' id='word_1_84' title='bbox 893 878 1072 952; x_wconf 76' lang='lat' dir='ltr'>praedicavit.</span> <span class='ocrx_word' id='word_1_85' title='bbox 1115 877 1270 951; x_wconf 80' lang='lat' dir='ltr'>apostolica</span> <span class='ocrx_word' id='word_1_86' title='bbox 1284 877 1433 952; x_wconf 90' lang='lat' dir='ltr'>dignitate.</span> <span class='ocrx_word' id='word_1_87' title='bbox 1450 879 1498 936; x_wconf 84' lang='lat' dir='ltr'>hit</span> <span class='ocrx_word' id='word_1_88' title='bbox 1511 877 1591 937; x_wconf 91' lang='lat' dir='ltr'>enim</span> <span class='ocrx_word' id='word_1_89' title='bbox 1609 878 1709 940; x_wconf 87' lang='lat' dir='ltr'>Petrus</span> <span class='ocrx_word' id='word_1_90' title='bbox 1729 899 1736 941; x_wconf 91' lang='lat'>:</span> <span class='ocrx_word' id='word_1_91' title='bbox 1753 907 1766 935; x_wconf 74' lang='grc' dir='ltr'>ι</span> <span class='ocrx_word' id='word_1_92' title='bbox 1783 883 1828 942; x_wconf 87' lang='grc' dir='ltr'>Τιι</span> <span class='ocrx_word' id='word_1_93' title='bbox 1845 883 1974 944; x_wconf 74' lang='lat' dir='ltr'>astituri·</span> 
     </span>
     <span class='ocr_line' id='line_1_8' title="bbox 215 963 1973 1041; baseline 0.001 -15"><span class='ocrx_word' id='word_1_94' title='bbox 215 970 389 1039; x_wconf 74' lang='lat' dir='ltr'>amputasse</span> <span class='ocrx_word' id='word_1_95' title='bbox 407 963 464 1022; x_wconf 91' lang='lat' dir='ltr'>sihi</span> <span class='ocrx_word' id='word_1_96' title='bbox 484 969 622 1038; x_wconf 77' lang='lat' dir='ltr'>praeterea</span> <span class='ocrx_word' id='word_1_97' title='bbox 642 964 777 1039; x_wconf 89' lang='lat' dir='ltr'>pollicem</span> <span class='ocrx_word' id='word_1_98' title='bbox 795 966 910 1040; x_wconf 87' lang='lat' dir='ltr'>legitur,</span> <span class='ocrx_word' id='word_1_99' title='bbox 925 976 958 1026; x_wconf 94' lang='lat' dir='ltr'>ut</span> <span class='ocrx_word' id='word_1_100' title='bbox 979 984 1073 1028; x_wconf 89' lang='lat' dir='ltr'>sacer-</span> <span class='ocrx_word' id='word_1_101' title='bbox 1116 969 1188 1036; x_wconf 91' lang='lat' dir='ltr'>stus,</span> <span class='ocrx_word' id='word_1_102' title='bbox 1212 964 1306 1024; x_wconf 84' lang='lat' dir='ltr'>Filius</span> <span class='ocrx_word' id='word_1_103' title='bbox 1331 964 1383 1023; x_wconf 90' lang='lat' dir='ltr'>Dei</span> <span class='ocrx_word' id='word_1_104' title='bbox 1408 964 1469 1023; x_wconf 90' lang='lat' dir='ltr'>vivi</span> <span class='ocrx_word' id='word_1_105' title='bbox 1491 968 1602 1036; x_wconf 81' lang='lat' dir='ltr'>titattt.</span> <span class='ocrx_word' id='word_1_106' title='bbox 1617 970 1721 1041; x_wconf 74' lang='lat' dir='ltr'>xta).-</span> <span class='ocrx_word' id='word_1_107' title='bbox 1751 968 1786 1028; x_wconf 93' lang='lat' dir='ltr'>Et</span> <span class='ocrx_word' id='word_1_108' title='bbox 1804 971 1973 1033; x_wconf 83' lang='lat' dir='ltr'>Dominus:</span> 
     </span>
     <span class='ocr_line' id='line_1_9' title="bbox 215 1053 1975 1138; baseline 0.003 -21"><span class='ocrx_word' id='word_1_109' title='bbox 215 1057 293 1117; x_wconf 90' lang='lat' dir='ltr'>detio</span> <span class='ocrx_word' id='word_1_110' title='bbox 316 1054 454 1131; x_wconf 90' lang='lat' dir='ltr'>reprobus</span> <span class='ocrx_word' id='word_1_111' title='bbox 479 1054 642 1114; x_wconf 86' lang='lat' dir='ltr'>haberetur.</span> <span class='ocrx_word' id='word_1_112' title='bbox 660 1053 716 1114; x_wconf 89' lang='lat' dir='ltr'>Sed</span> <span class='ocrx_word' id='word_1_113' title='bbox 740 1061 852 1115; x_wconf 90' lang='lat' dir='ltr'>tautum</span> <span class='ocrx_word' id='word_1_114' title='bbox 870 1058 901 1116; x_wconf 91' lang='lat' dir='ltr'>in</span> <span class='ocrx_word' id='word_1_115' title='bbox 923 1074 958 1118; x_wconf 91' lang='lat' dir='ltr'>eo</span> <span class='ocrx_word' id='word_1_116' title='bbox 982 1059 1075 1133; x_wconf 91' lang='lat' dir='ltr'>potuit</span> <span class='ocrx_word' id='word_1_117' title='bbox 1119 1054 1252 1115; x_wconf 81' lang='lat' dir='ltr'>vBeatus</span> <span class='ocrx_word' id='word_1_118' title='bbox 1272 1071 1312 1125; x_wconf 88' lang='lat' dir='ltr'>es,</span> <span class='ocrx_word' id='word_1_119' title='bbox 1335 1054 1438 1115; x_wconf 88' lang='lat' dir='ltr'>Simon</span> <span class='ocrx_word' id='word_1_120' title='bbox 1463 1054 1596 1129; x_wconf 74' lang='lat' dir='ltr'>Bariana,</span> <span class='ocrx_word' id='word_1_121' title='bbox 1621 1057 1691 1132; x_wconf 87' lang='lat' dir='ltr'>quia</span> <span class='ocrx_word' id='word_1_122' title='bbox 1708 1074 1785 1133; x_wconf 91' lang='lat' dir='ltr'>care,</span> <span class='ocrx_word' id='word_1_123' title='bbox 1801 1067 1832 1121; x_wconf 90' lang='lat' dir='ltr'>et</span> <span class='ocrx_word' id='word_1_124' title='bbox 1854 1064 1975 1138; x_wconf 87' lang='lat' dir='ltr'>sanguis</span> 
     </span>
    </p>
   </div>
   <div class='ocr_carea' id='block_1_3' title="bbox 101 1141 1975 1225">
    <p class='ocr_par' dir='ltr' id='par_1_3' title="bbox 101 1141 1975 1225">
     <span class='ocr_line' id='line_1_10' title="bbox 101 1141 1975 1225; baseline 0.006 -26"><span class='ocrx_word' id='word_1_125' title='bbox 101 1189 103 1199; x_wconf 35' lang='grc' dir='ltr'>ι</span> <span class='ocrx_word' id='word_1_126' title='bbox 214 1145 419 1223; x_wconf 78' lang='lat' dir='ltr'>praedestinata</span> <span class='ocrx_word' id='word_1_127' title='bbox 443 1159 578 1219; x_wconf 76' lang='lat' dir='ltr'>superum</span> <span class='ocrx_word' id='word_1_128' title='bbox 602 1143 828 1219; x_wconf 83' lang='lat' dir='ltr'>dispensationis</span> <span class='ocrx_word' id='word_1_129' title='bbox 850 1145 961 1219; x_wconf 90' lang='lat' dir='ltr'>electio,</span> <span class='ocrx_word' id='word_1_130' title='bbox 982 1153 1015 1207; x_wconf 93' lang='lat' dir='ltr'>ut</span> <span class='ocrx_word' id='word_1_131' title='bbox 1037 1163 1074 1207; x_wconf 91' lang='lat' dir='ltr'>ne</span> <span class='ocrx_word' id='word_1_132' title='bbox 1116 1157 1175 1202; x_wconf 91' lang='lat' dir='ltr'>non</span> <span class='ocrx_word' id='word_1_133' title='bbox 1203 1141 1342 1203; x_wconf 89' lang='lat' dir='ltr'>revelavit</span> <span class='ocrx_word' id='word_1_134' title='bbox 1373 1143 1437 1216; x_wconf 92' lang='lat' dir='ltr'>tibi,</span> <span class='ocrx_word' id='word_1_135' title='bbox 1463 1143 1513 1203; x_wconf 92' lang='lat' dir='ltr'>sed</span> <span class='ocrx_word' id='word_1_136' title='bbox 1538 1143 1622 1204; x_wconf 88' lang='lat' dir='ltr'>Pater</span> <span class='ocrx_word' id='word_1_137' title='bbox 1645 1161 1739 1220; x_wconf 89' lang='lat' dir='ltr'>meus,</span> <span class='ocrx_word' id='word_1_138' title='bbox 1757 1149 1809 1225; x_wconf 87' lang='lat' dir='ltr'>qui</span> <span class='ocrx_word' id='word_1_139' title='bbox 1834 1149 1868 1210; x_wconf 90' lang='lat' dir='ltr'>io</span> <span class='ocrx_word' id='word_1_140' title='bbox 1898 1150 1975 1211; x_wconf 77' lang='lat' dir='ltr'>ooelu</span> 
     </span>
    </p>
   </div>
   <div class='ocr_carea' id='block_1_4' title="bbox 198 1233 2022 5604">
    <p class='ocr_par' dir='ltr' id='par_1_4' title="bbox 198 1233 2022 5604">
     <span class='ocr_line' id='line_1_11' title="bbox 215 1233 1976 1318; baseline 0.003 -22"><span class='ocrx_word' id='word_1_141' title='bbox 215 1237 256 1297; x_wconf 89' lang='lat' dir='ltr'>sic</span> <span class='ocrx_word' id='word_1_142' title='bbox 278 1234 397 1310; x_wconf 88' lang='lat' dir='ltr'>quidem</span> <span class='ocrx_word' id='word_1_143' title='bbox 414 1234 543 1308; x_wconf 89' lang='lat' dir='ltr'>perderet</span> <span class='ocrx_word' id='word_1_144' title='bbox 562 1233 593 1290; x_wconf 90' lang='lat' dir='ltr'>in</span> <span class='ocrx_word' id='word_1_145' title='bbox 617 1248 701 1291; x_wconf 80' lang='lat' dir='ltr'>novae</span> <span class='ocrx_word' id='word_1_146' title='bbox 721 1233 821 1306; x_wconf 84' lang='lat' dir='ltr'>gratiae</span> <span class='ocrx_word' id='word_1_147' title='bbox 838 1234 895 1294; x_wconf 90' lang='lat' dir='ltr'>tide</span> <span class='ocrx_word' id='word_1_148' title='bbox 912 1236 990 1311; x_wconf 82' lang='lat' dir='ltr'>quod</span> <span class='ocrx_word' id='word_1_149' title='bbox 1013 1236 1074 1310; x_wconf 87' lang='lat' dir='ltr'>pri·</span> <span class='ocrx_word' id='word_1_150' title='bbox 1115 1240 1174 1292; x_wconf 61' lang='lat' dir='ltr'>esta</span> <span class='ocrx_word' id='word_1_151' title='bbox 1186 1233 1219 1293; x_wconf 85' lang='lat' dir='ltr'>Et</span> <span class='ocrx_word' id='word_1_152' title='bbox 1241 1249 1294 1308; x_wconf 90' lang='lat' dir='ltr'>ego</span> <span class='ocrx_word' id='word_1_153' title='bbox 1317 1234 1382 1294; x_wconf 93' lang='lat' dir='ltr'>dico</span> <span class='ocrx_word' id='word_1_154' title='bbox 1413 1234 1476 1306; x_wconf 90' lang='lat' dir='ltr'>tihi,</span> <span class='ocrx_word' id='word_1_155' title='bbox 1492 1234 1561 1309; x_wconf 82' lang='lat' dir='ltr'>quia</span> <span class='ocrx_word' id='word_1_156' title='bbox 1588 1242 1620 1295; x_wconf 92' lang='lat' dir='ltr'>tu</span> <span class='ocrx_word' id='word_1_157' title='bbox 1649 1251 1680 1297; x_wconf 92' lang='lat' dir='ltr'>es</span> <span class='ocrx_word' id='word_1_158' title='bbox 1704 1237 1818 1313; x_wconf 84' lang='lat' dir='ltr'>Petms,</span> <span class='ocrx_word' id='word_1_159' title='bbox 1836 1247 1866 1300; x_wconf 89' lang='lat' dir='ltr'>et</span> <span class='ocrx_word' id='word_1_160' title='bbox 1890 1256 1976 1318; x_wconf 88' lang='lat' dir='ltr'>super</span> 
     </span>
     <span class='ocr_line' id='line_1_12' title="bbox 216 1319 1974 1404; baseline 0.002 -20"><span class='ocrx_word' id='word_1_161' title='bbox 216 1326 305 1384; x_wconf 91' lang='lat' dir='ltr'>mitus</span> <span class='ocrx_word' id='word_1_162' title='bbox 327 1323 499 1383; x_wconf 86' lang='lat' dir='ltr'>obtinuisset</span> <span class='ocrx_word' id='word_1_163' title='bbox 522 1322 553 1380; x_wconf 94' lang='lat' dir='ltr'>iu</span> <span class='ocrx_word' id='word_1_164' title='bbox 574 1337 688 1396; x_wconf 89' lang='lat' dir='ltr'>genere.</span> <span class='ocrx_word' id='word_1_165' title='bbox 705 1322 779 1381; x_wconf 91' lang='lat' dir='ltr'>Nam</span> <span class='ocrx_word' id='word_1_166' title='bbox 802 1325 952 1399; x_wconf 90' lang='lat' dir='ltr'>episcopus</span> <span class='ocrx_word' id='word_1_167' title='bbox 971 1326 1073 1399; x_wconf 89' lang='lat' dir='ltr'>lactus,</span> <span class='ocrx_word' id='word_1_168' title='bbox 1115 1321 1192 1380; x_wconf 91' lang='lat' dir='ltr'>hauc</span> <span class='ocrx_word' id='word_1_169' title='bbox 1215 1327 1324 1394; x_wconf 90' lang='lat' dir='ltr'>petram</span> <span class='ocrx_word' id='word_1_170' title='bbox 1351 1319 1501 1380; x_wconf 68' lang='lat' dir='ltr'>aedificabo</span> <span class='ocrx_word' id='word_1_171' title='bbox 1523 1320 1681 1382; x_wconf 90' lang='lat' dir='ltr'>Ecclesiam</span> <span class='ocrx_word' id='word_1_172' title='bbox 1702 1340 1809 1399; x_wconf 88' lang='lat' dir='ltr'>meam,</span> <span class='ocrx_word' id='word_1_173' title='bbox 1835 1333 1865 1386; x_wconf 89' lang='lat' dir='ltr'>et</span> <span class='ocrx_word' id='word_1_174' title='bbox 1887 1336 1974 1404; x_wconf 81' lang='lat' dir='ltr'>portae</span> 
     </span>
     <span class='ocr_line' id='line_1_13' title="bbox 215 1409 1975 1490; baseline 0.001 -14"><span class='ocrx_word' id='word_1_175' title='bbox 215 1415 443 1477; x_wconf 80' lang='lat' dir='ltr'>Alexandrinam</span> <span class='ocrx_word' id='word_1_176' title='bbox 459 1412 591 1471; x_wconf 81' lang='lat' dir='ltr'>fundavit</span> <span class='ocrx_word' id='word_1_177' title='bbox 605 1412 762 1471; x_wconf 82' lang='lat' dir='ltr'>Ecclesiam</span> <span class='ocrx_word' id='word_1_178' title='bbox 774 1428 906 1488; x_wconf 80' lang='lat' dir='ltr'>eamque,</span> <span class='ocrx_word' id='word_1_179' title='bbox 921 1422 1074 1490; x_wconf 82' lang='lat' dir='ltr'>postquam</span> <span class='ocrx_word' id='word_1_180' title='bbox 1116 1410 1204 1471; x_wconf 83' lang='lat' dir='ltr'>interi</span> <span class='ocrx_word' id='word_1_181' title='bbox 1220 1425 1277 1470; x_wconf 90' lang='lat' dir='ltr'>nou</span> <span class='ocrx_word' id='word_1_182' title='bbox 1298 1409 1499 1484; x_wconf 74' lang='lat' dir='ltr'>praevalebunt</span> <span class='ocrx_word' id='word_1_183' title='bbox 1523 1410 1662 1472; x_wconf 88' lang='lat' dir='ltr'>adversus</span> <span class='ocrx_word' id='word_1_184' title='bbox 1682 1428 1747 1473; x_wconf 90' lang='lat' dir='ltr'>eam</span> <span class='ocrx_word' id='word_1_185' title='bbox 1762 1439 1769 1474; x_wconf 77' lang='lat' dir='ltr'><strong><em>z</em></strong></span> <span class='ocrx_word' id='word_1_186' title='bbox 1784 1421 1813 1475; x_wconf 90' lang='lat' dir='ltr'>et</span> <span class='ocrx_word' id='word_1_187' title='bbox 1832 1415 1887 1477; x_wconf 88' lang='lat' dir='ltr'>tihi</span> <span class='ocrx_word' id='word_1_188' title='bbox 1904 1417 1975 1478; x_wconf 80' lang='lat' dir='ltr'>dabo</span> 
     </span>
     <span class='ocr_line' id='line_1_14' title="bbox 215 1498 1975 1594; baseline 0.002 -29"><span class='ocrx_word' id='word_1_189' title='bbox 215 1521 302 1580; x_wconf 90' lang='lat' dir='ltr'>super</span> <span class='ocrx_word' id='word_1_190' title='bbox 313 1511 434 1578; x_wconf 91' lang='lat' dir='ltr'>petram,</span> <span class='ocrx_word' id='word_1_191' title='bbox 452 1518 519 1594; x_wconf 80' lang='lat' dir='ltr'>quae</span> <span class='ocrx_word' id='word_1_192' title='bbox 534 1503 666 1575; x_wconf 78' lang='lat' dir='ltr'>Christus</span> <span class='ocrx_word' id='word_1_193' title='bbox 684 1508 736 1573; x_wconf 90' lang='lat' dir='ltr'>est,</span> <span class='ocrx_word' id='word_1_194' title='bbox 756 1502 882 1576; x_wconf 85' lang='lat' dir='ltr'>insignis</span> <span class='ocrx_word' id='word_1_195' title='bbox 899 1505 1074 1565; x_wconf 88' lang='lat' dir='ltr'>architectus</span> <span class='ocrx_word' id='word_1_196' title='bbox 1115 1498 1211 1558; x_wconf 90' lang='lat' dir='ltr'>claves</span> <span class='ocrx_word' id='word_1_197' title='bbox 1223 1501 1304 1573; x_wconf 89' lang='lat' dir='ltr'>regui</span> <span class='ocrx_word' id='word_1_198' title='bbox 1318 1500 1471 1572; x_wconf 88' lang='lat' dir='ltr'>coelorum,</span> <span class='ocrx_word' id='word_1_199' title='bbox 1485 1503 1514 1559; x_wconf 90' lang='lat' dir='ltr'>et</span> <span class='ocrx_word' id='word_1_200' title='bbox 1528 1501 1722 1578; x_wconf 82' lang='lat' dir='ltr'>quodcunque</span> <span class='ocrx_word' id='word_1_201' title='bbox 1737 1504 1877 1580; x_wconf 82' lang='lat' dir='ltr'>ligaveris</span> <span class='ocrx_word' id='word_1_202' title='bbox 1892 1523 1975 1585; x_wconf 88' lang='lat' dir='ltr'>super</span> 
     </span>
     <span class='ocr_line' id='line_1_15' title="bbox 215 1587 1976 1669; baseline 0.002 -15"><span class='ocrx_word' id='word_1_203' title='bbox 215 1594 317 1664; x_wconf 86' lang='lat' dir='ltr'>erexit,</span> <span class='ocrx_word' id='word_1_204' title='bbox 342 1592 467 1667; x_wconf 87' lang='lat' dir='ltr'>glorioso</span> <span class='ocrx_word' id='word_1_205' title='bbox 490 1592 620 1664; x_wconf 82' lang='lat' dir='ltr'>magistri</span> <span class='ocrx_word' id='word_1_206' title='bbox 642 1591 686 1650; x_wconf 90' lang='lat' dir='ltr'>sui</span> <span class='ocrx_word' id='word_1_207' title='bbox 711 1592 825 1651; x_wconf 90' lang='lat' dir='ltr'>nomini</span> <span class='ocrx_word' id='word_1_208' title='bbox 849 1592 972 1652; x_wconf 76' lang='lat' dir='ltr'>tirteliter</span> <span class='ocrx_word' id='word_1_209' title='bbox 991 1593 1075 1653; x_wconf 90' lang='lat' dir='ltr'>dedi-</span> <span class='ocrx_word' id='word_1_210' title='bbox 1115 1594 1221 1646; x_wconf 90' lang='lat' dir='ltr'>terram</span> <span class='ocrx_word' id='word_1_211' title='bbox 1235 1588 1289 1646; x_wconf 91' lang='lat' dir='ltr'>erit</span> <span class='ocrx_word' id='word_1_212' title='bbox 1303 1587 1426 1664; x_wconf 89' lang='lat' dir='ltr'>ligatum</span> <span class='ocrx_word' id='word_1_213' title='bbox 1442 1600 1470 1652; x_wconf 91' lang='lat' dir='ltr'>et</span> <span class='ocrx_word' id='word_1_214' title='bbox 1482 1593 1515 1653; x_wconf 91' lang='lat' dir='ltr'>in</span> <span class='ocrx_word' id='word_1_215' title='bbox 1528 1592 1620 1664; x_wconf 85' lang='lat' dir='ltr'>coelis,</span> <span class='ocrx_word' id='word_1_216' title='bbox 1632 1600 1661 1651; x_wconf 91' lang='lat' dir='ltr'>et</span> <span class='ocrx_word' id='word_1_217' title='bbox 1675 1591 1875 1669; x_wconf 84' lang='lat' dir='ltr'>quodcunque</span> <span class='ocrx_word' id='word_1_218' title='bbox 1888 1600 1976 1657; x_wconf 79' lang='lat' dir='ltr'>solve</span> 
     </span>
     <span class='ocr_line' id='line_1_16' title="bbox 214 1678 1974 1762; baseline -0.003 -19"><span class='ocrx_word' id='word_1_219' title='bbox 214 1684 300 1743; x_wconf 87' lang='lat' dir='ltr'>eavit.</span> <span class='ocrx_word' id='word_1_220' title='bbox 322 1681 406 1741; x_wconf 87' lang='lat' dir='ltr'>Unde</span> <span class='ocrx_word' id='word_1_221' title='bbox 425 1682 593 1740; x_wconf 80' lang='lat' dir='ltr'>factumest</span> <span class='ocrx_word' id='word_1_222' title='bbox 613 1686 645 1738; x_wconf 91' lang='lat' dir='ltr'>ut</span> <span class='ocrx_word' id='word_1_223' title='bbox 663 1678 762 1738; x_wconf 90' lang='lat' dir='ltr'>eadem</span> <span class='ocrx_word' id='word_1_224' title='bbox 786 1680 911 1740; x_wconf 85' lang='lat' dir='ltr'>Ecclesia</span> <span class='ocrx_word' id='word_1_225' title='bbox 932 1697 989 1741; x_wconf 92' lang='lat' dir='ltr'>non</span> <span class='ocrx_word' id='word_1_226' title='bbox 1015 1678 1156 1762; x_wconf 71' lang='lat' dir='ltr'>tamssris</span> <span class='ocrx_word' id='word_1_227' title='bbox 1171 1692 1260 1752; x_wconf 92' lang='lat' dir='ltr'>super</span> <span class='ocrx_word' id='word_1_228' title='bbox 1283 1685 1386 1738; x_wconf 89' lang='lat' dir='ltr'>terram</span> <span class='ocrx_word' id='word_1_229' title='bbox 1406 1680 1461 1739; x_wconf 91' lang='lat' dir='ltr'>erit</span> <span class='ocrx_word' id='word_1_230' title='bbox 1482 1683 1612 1743; x_wconf 91' lang='lat' dir='ltr'>solutum</span> <span class='ocrx_word' id='word_1_231' title='bbox 1632 1687 1660 1741; x_wconf 88' lang='lat' dir='ltr'>et</span> <span class='ocrx_word' id='word_1_232' title='bbox 1681 1682 1713 1741; x_wconf 91' lang='grc' dir='ltr'>ιιι</span> <span class='ocrx_word' id='word_1_233' title='bbox 1735 1684 1818 1744; x_wconf 84' lang='lat' dir='ltr'>emtis</span> <span class='ocrx_word' id='word_1_234' title='bbox 1838 1687 1974 1758; x_wconf 68' lang='lat' dir='ltr'>(ibid).-</span> 
     </span>
     <span class='ocr_line' id='line_1_17' title="bbox 215 1767 1975 1847; baseline 0.002 -15"><span class='ocrx_word' id='word_1_235' title='bbox 215 1788 253 1832; x_wconf 89' lang='lat' dir='ltr'>ex</span> <span class='ocrx_word' id='word_1_236' title='bbox 268 1770 356 1829; x_wconf 87' lang='lat' dir='ltr'>Marci</span> <span class='ocrx_word' id='word_1_237' title='bbox 375 1785 464 1844; x_wconf 85' lang='lat' dir='ltr'>quam</span> <span class='ocrx_word' id='word_1_238' title='bbox 485 1785 521 1827; x_wconf 88' lang='lat' dir='ltr'>ex</span> <span class='ocrx_word' id='word_1_239' title='bbox 541 1767 618 1826; x_wconf 90' lang='lat' dir='ltr'>beati</span> <span class='ocrx_word' id='word_1_240' title='bbox 639 1767 715 1827; x_wconf 88' lang='lat' dir='ltr'>Petri</span> <span class='ocrx_word' id='word_1_241' title='bbox 739 1769 878 1829; x_wconf 89' lang='lat' dir='ltr'>vocabulo</span> <span class='ocrx_word' id='word_1_242' title='bbox 898 1771 980 1829; x_wconf 91' lang='lat' dir='ltr'>sedes</span> <span class='ocrx_word' id='word_1_243' title='bbox 1004 1787 1075 1846; x_wconf 89' lang='lat' dir='ltr'>apo·</span> <span class='ocrx_word' id='word_1_244' title='bbox 1116 1767 1255 1843; x_wconf 83' lang='lat' dir='ltr'>Nunquid</span> <span class='ocrx_word' id='word_1_245' title='bbox 1268 1768 1323 1827; x_wconf 93' lang='lat' dir='ltr'>hoc</span> <span class='ocrx_word' id='word_1_246' title='bbox 1342 1769 1450 1831; x_wconf 88' lang='lat' dir='ltr'>tonitru</span> <span class='ocrx_word' id='word_1_247' title='bbox 1472 1771 1603 1833; x_wconf 90' lang='lat' dir='ltr'>muneris</span> <span class='ocrx_word' id='word_1_248' title='bbox 1622 1771 1781 1847; x_wconf 87' lang='lat' dir='ltr'>singularis</span> <span class='ocrx_word' id='word_1_249' title='bbox 1794 1790 1886 1834; x_wconf 89' lang='lat' dir='ltr'>aures</span> <span class='ocrx_word' id='word_1_250' title='bbox 1904 1777 1975 1835; x_wconf 83' lang='lat' dir='ltr'>beati</span> 
     </span>
     <span class='ocr_line' id='line_1_18' title="bbox 214 1856 1974 1936; baseline 0.002 -15"><span class='ocrx_word' id='word_1_251' title='bbox 214 1861 313 1921; x_wconf 89' lang='lat' dir='ltr'>stolica</span> <span class='ocrx_word' id='word_1_252' title='bbox 326 1859 479 1929; x_wconf 88' lang='lat' dir='ltr'>vocitetur,</span> <span class='ocrx_word' id='word_1_253' title='bbox 493 1864 631 1933; x_wconf 84' lang='lat' dir='ltr'>tauquam</span> <span class='ocrx_word' id='word_1_254' title='bbox 652 1856 676 1914; x_wconf 90' lang='lat' dir='ltr'>si</span> <span class='ocrx_word' id='word_1_255' title='bbox 697 1856 799 1916; x_wconf 88' lang='lat' dir='ltr'>Petrus</span> <span class='ocrx_word' id='word_1_256' title='bbox 817 1856 946 1933; x_wconf 90' lang='lat' dir='ltr'>ipseper</span> <span class='ocrx_word' id='word_1_257' title='bbox 964 1876 995 1919; x_wconf 88' lang='lat' dir='ltr'>se</span> <span class='ocrx_word' id='word_1_258' title='bbox 1014 1860 1075 1920; x_wconf 87' lang='lat' dir='ltr'>illic</span> <span class='ocrx_word' id='word_1_259' title='bbox 1093 1857 1203 1924; x_wconf 86' lang='lat' dir='ltr'>.llarci</span> <span class='ocrx_word' id='word_1_260' title='bbox 1218 1859 1366 1932; x_wconf 77' lang='lat' dir='ltr'>preterire</span> <span class='ocrx_word' id='word_1_261' title='bbox 1375 1860 1479 1934; x_wconf 86' lang='lat' dir='ltr'>potuit,</span> <span class='ocrx_word' id='word_1_262' title='bbox 1489 1861 1568 1936; x_wconf 82' lang='lat' dir='ltr'>quod</span> <span class='ocrx_word' id='word_1_263' title='bbox 1576 1861 1664 1922; x_wconf 87' lang='lat' dir='ltr'>totius</span> <span class='ocrx_word' id='word_1_264' title='bbox 1674 1862 1778 1922; x_wconf 89' lang='lat' dir='ltr'>mundi</span> <span class='ocrx_word' id='word_1_265' title='bbox 1787 1861 1974 1924; x_wconf 87' lang='lat' dir='ltr'>latitudinem</span> 
     </span>
     <span class='ocr_line' id='line_1_19' title="bbox 213 1944 1975 2030; baseline 0.002 -21"><span class='ocrx_word' id='word_1_266' title='bbox 213 1947 405 2023; x_wconf 85' lang='lat' dir='ltr'>episcopalem</span> <span class='ocrx_word' id='word_1_267' title='bbox 425 1946 593 2005; x_wconf 82' lang='lat' dir='ltr'>cathedram</span> <span class='ocrx_word' id='word_1_268' title='bbox 619 1944 773 2015; x_wconf 86' lang='lat' dir='ltr'>tenuisset;</span> <span class='ocrx_word' id='word_1_269' title='bbox 799 1945 923 2021; x_wconf 84' lang='lat' dir='ltr'>ideoque</span> <span class='ocrx_word' id='word_1_270' title='bbox 945 1947 1072 2008; x_wconf 86' lang='lat' dir='ltr'>claricu·</span> <span class='ocrx_word' id='word_1_271' title='bbox 1115 1948 1305 2024; x_wconf 89' lang='lat' dir='ltr'>omniumque</span> <span class='ocrx_word' id='word_1_272' title='bbox 1320 1947 1430 2022; x_wconf 83' lang='lat' dir='ltr'>ubique</span> <span class='ocrx_word' id='word_1_273' title='bbox 1443 1949 1576 2009; x_wconf 83' lang='lat' dir='ltr'>fidelium</span> <span class='ocrx_word' id='word_1_274' title='bbox 1587 1965 1637 2009; x_wconf 91' lang='lat' dir='ltr'>ora</span> <span class='ocrx_word' id='word_1_275' title='bbox 1650 1950 1886 2025; x_wconf 83' lang='lat' dir='ltr'>mmptevittltt</span> <span class='ocrx_word' id='word_1_276' title='bbox 1901 1953 1975 2030; x_wconf 83' lang='lat' dir='ltr'>quod</span> 
     </span>
     <span class='ocr_line' id='line_1_20' title="bbox 215 2034 1975 2115; baseline 0.001 -16"><span class='ocrx_word' id='word_1_277' title='bbox 215 2040 281 2099; x_wconf 92' lang='lat' dir='ltr'>larii</span> <span class='ocrx_word' id='word_1_278' title='bbox 303 2039 427 2099; x_wconf 85' lang='lat' dir='ltr'>coelestis</span> <span class='ocrx_word' id='word_1_279' title='bbox 445 2036 583 2111; x_wconf 88' lang='lat' dir='ltr'>insignita</span> <span class='ocrx_word' id='word_1_280' title='bbox 598 2034 751 2106; x_wconf 89' lang='lat' dir='ltr'>vocabule,</span> <span class='ocrx_word' id='word_1_281' title='bbox 766 2036 795 2094; x_wconf 90' lang='lat' dir='ltr'>in</span> <span class='ocrx_word' id='word_1_282' title='bbox 818 2043 875 2096; x_wconf 90' lang='lat' dir='ltr'>toto</span> <span class='ocrx_word' id='word_1_283' title='bbox 893 2037 963 2096; x_wconf 91' lang='lat' dir='ltr'>orbe</span> <span class='ocrx_word' id='word_1_284' title='bbox 982 2045 1073 2098; x_wconf 91' lang='lat' dir='ltr'>terra-</span> <span class='ocrx_word' id='word_1_285' title='bbox 1115 2036 1151 2096; x_wconf 91' lang='lat' dir='ltr'>de</span> <span class='ocrx_word' id='word_1_286' title='bbox 1165 2035 1246 2095; x_wconf 87' lang='lat' dir='ltr'>Petm</span> <span class='ocrx_word' id='word_1_287' title='bbox 1259 2035 1413 2095; x_wconf 77' lang='lat' dir='ltr'>Matthaeus</span> <span class='ocrx_word' id='word_1_288' title='bbox 1426 2035 1511 2105; x_wconf 85' lang='lat' dir='ltr'>dixit.</span> <span class='ocrx_word' id='word_1_289' title='bbox 1529 2038 1630 2097; x_wconf 90' lang='lat' dir='ltr'>Petrus</span> <span class='ocrx_word' id='word_1_290' title='bbox 1645 2044 1678 2096; x_wconf 91' lang='lat' dir='ltr'>ut</span> <span class='ocrx_word' id='word_1_291' title='bbox 1693 2038 1747 2097; x_wconf 92' lang='lat' dir='ltr'>hoc</span> <span class='ocrx_word' id='word_1_292' title='bbox 1764 2054 1819 2100; x_wconf 90' lang='lat' dir='ltr'>suo</span> <span class='ocrx_word' id='word_1_293' title='bbox 1832 2040 1975 2115; x_wconf 85' lang='lat' dir='ltr'>discipulo</span> 
     </span>
     <span class='ocr_line' id='line_1_21' title="bbox 216 2122 1974 2199; baseline -0.001 -11"><span class='ocrx_word' id='word_1_294' title='bbox 216 2144 282 2189; x_wconf 91' lang='lat' dir='ltr'>rum</span> <span class='ocrx_word' id='word_1_295' title='bbox 309 2125 435 2186; x_wconf 85' lang='lat' dir='ltr'>Ecclesia</span> <span class='ocrx_word' id='word_1_296' title='bbox 460 2123 511 2183; x_wconf 90' lang='lat' dir='ltr'>illa</span> <span class='ocrx_word' id='word_1_297' title='bbox 536 2131 599 2198; x_wconf 90' lang='lat' dir='ltr'>post</span> <span class='ocrx_word' id='word_1_298' title='bbox 626 2123 748 2183; x_wconf 79' lang='lat' dir='ltr'>Romam</span> <span class='ocrx_word' id='word_1_299' title='bbox 774 2125 935 2185; x_wconf 91' lang='lat' dir='ltr'>secundum</span> <span class='ocrx_word' id='word_1_300' title='bbox 965 2127 1074 2186; x_wconf 79' lang='lat' dir='ltr'>ohdnet</span> <span class='ocrx_word' id='word_1_301' title='bbox 1115 2122 1384 2198; x_wconf 89' lang='lat' dir='ltr'>diceretigooravit,</span> <span class='ocrx_word' id='word_1_302' title='bbox 1398 2122 1477 2184; x_wconf 93' lang='lat' dir='ltr'>hunc</span> <span class='ocrx_word' id='word_1_303' title='bbox 1487 2125 1633 2199; x_wconf 86' lang='lat' dir='ltr'>siquidem</span> <span class='ocrx_word' id='word_1_304' title='bbox 1643 2125 1774 2186; x_wconf 84' lang='lat' dir='ltr'>historiae</span> <span class='ocrx_word' id='word_1_305' title='bbox 1786 2126 1886 2187; x_wconf 88' lang='lat' dir='ltr'>locum</span> <span class='ocrx_word' id='word_1_306' title='bbox 1901 2126 1974 2186; x_wconf 82' lang='lat' dir='ltr'>llar-</span> 
     </span>
     <span class='ocr_line' id='line_1_22' title="bbox 216 2210 1975 2293; baseline -0.002 -14"><span class='ocrx_word' id='word_1_307' title='bbox 216 2221 366 2279; x_wconf 89' lang='lat' dir='ltr'>thronum.</span> <span class='ocrx_word' id='word_1_308' title='bbox 383 2218 416 2276; x_wconf 89' lang='lat' dir='ltr'>Et</span> <span class='ocrx_word' id='word_1_309' title='bbox 428 2231 594 2293; x_wconf 86' lang='lat' dir='ltr'>quanquam</span> <span class='ocrx_word' id='word_1_310' title='bbox 619 2214 791 2282; x_wconf 79' lang='lat' dir='ltr'>Antiochiae,</span> <span class='ocrx_word' id='word_1_311' title='bbox 807 2214 857 2272; x_wconf 93' lang='lat' dir='ltr'>uhi</span> <span class='ocrx_word' id='word_1_312' title='bbox 872 2214 981 2274; x_wconf 91' lang='lat' dir='ltr'>scilicet</span> <span class='ocrx_word' id='word_1_313' title='bbox 993 2215 1074 2275; x_wconf 89' lang='lat' dir='ltr'>Chri·</span> <span class='ocrx_word' id='word_1_314' title='bbox 1115 2227 1167 2271; x_wconf 93' lang='lat' dir='ltr'>cus</span> <span class='ocrx_word' id='word_1_315' title='bbox 1179 2211 1217 2270; x_wconf 89' lang='lat' dir='ltr'>ita</span> <span class='ocrx_word' id='word_1_316' title='bbox 1231 2210 1314 2270; x_wconf 91' lang='lat' dir='ltr'>velut</span> <span class='ocrx_word' id='word_1_317' title='bbox 1324 2210 1497 2284; x_wconf 90' lang='lat' dir='ltr'>negligendo</span> <span class='ocrx_word' id='word_1_318' title='bbox 1509 2211 1701 2272; x_wconf 83' lang='lat' dir='ltr'>transcurrit?</span> <span class='ocrx_word' id='word_1_319' title='bbox 1715 2212 1912 2289; x_wconf 82' lang='lat' dir='ltr'>Respondens</span> <span class='ocrx_word' id='word_1_320' title='bbox 1925 2215 1975 2275; x_wconf 84' lang='lat' dir='ltr'>Pe·</span> 
     </span>
     <span class='ocr_line' id='line_1_23' title="bbox 216 2297 1976 2382; baseline -0.003 -14"><span class='ocrx_word' id='word_1_321' title='bbox 216 2307 318 2368; x_wconf 74' lang='lat' dir='ltr'>suanae</span> <span class='ocrx_word' id='word_1_322' title='bbox 332 2305 481 2382; x_wconf 83' lang='lat' dir='ltr'>religionis</span> <span class='ocrx_word' id='word_1_323' title='bbox 494 2320 599 2364; x_wconf 92' lang='lat' dir='ltr'>nomeu</span> <span class='ocrx_word' id='word_1_324' title='bbox 612 2310 746 2363; x_wconf 87' lang='lat' dir='ltr'>exortum</span> <span class='ocrx_word' id='word_1_325' title='bbox 762 2309 815 2374; x_wconf 88' lang='lat' dir='ltr'>est,</span> <span class='ocrx_word' id='word_1_326' title='bbox 835 2302 936 2361; x_wconf 88' lang='lat' dir='ltr'>Petrus</span> <span class='ocrx_word' id='word_1_327' title='bbox 949 2302 1010 2377; x_wconf 92' lang='lat' dir='ltr'>ipse</span> <span class='ocrx_word' id='word_1_328' title='bbox 1023 2318 1075 2377; x_wconf 89' lang='lat' dir='ltr'>per</span> <span class='ocrx_word' id='word_1_329' title='bbox 1116 2304 1178 2359; x_wconf 91' lang='lat' dir='ltr'>trus</span> <span class='ocrx_word' id='word_1_330' title='bbox 1191 2297 1250 2358; x_wconf 88' lang='lat' dir='ltr'>ait:</span> <span class='ocrx_word' id='word_1_331' title='bbox 1268 2321 1278 2348; x_wconf 67' lang='grc' dir='ltr'><strong><em>ο</em></strong></span> <span class='ocrx_word' id='word_1_332' title='bbox 1294 2297 1339 2357; x_wconf 90' lang='grc' dir='ltr'>Τιι</span> <span class='ocrx_word' id='word_1_333' title='bbox 1352 2313 1383 2357; x_wconf 91' lang='lat' dir='ltr'>es</span> <span class='ocrx_word' id='word_1_334' title='bbox 1396 2298 1538 2360; x_wconf 86' lang='lat' dir='ltr'>Christus.</span> <span class='ocrx_word' id='word_1_335' title='bbox 1553 2300 1588 2361; x_wconf 91' lang='lat' dir='ltr'>Et</span> <span class='ocrx_word' id='word_1_336' title='bbox 1605 2302 1802 2363; x_wconf 90' lang='lat' dir='ltr'>comminatus</span> <span class='ocrx_word' id='word_1_337' title='bbox 1817 2309 1862 2362; x_wconf 88' lang='lat' dir='ltr'>eat</span> <span class='ocrx_word' id='word_1_338' title='bbox 1881 2303 1926 2363; x_wconf 88' lang='lat' dir='ltr'>eis</span> <span class='ocrx_word' id='word_1_339' title='bbox 1940 2318 1976 2362; x_wconf 86' lang='lat' dir='ltr'>ne</span> 
     </span>
     <span class='ocr_line' id='line_1_24' title="bbox 216 2388 1976 2470; baseline -0.001 -15"><span class='ocrx_word' id='word_1_340' title='bbox 216 2413 248 2456; x_wconf 87' lang='lat' dir='ltr'>se</span> <span class='ocrx_word' id='word_1_341' title='bbox 260 2396 328 2455; x_wconf 87' lang='lat' dir='ltr'>fidei</span> <span class='ocrx_word' id='word_1_342' title='bbox 343 2395 487 2470; x_wconf 89' lang='lat' dir='ltr'>primitias</span> <span class='ocrx_word' id='word_1_343' title='bbox 501 2392 657 2463; x_wconf 88' lang='lat' dir='ltr'>intulisset,</span> <span class='ocrx_word' id='word_1_344' title='bbox 672 2392 850 2467; x_wconf 89' lang='lat' dir='ltr'>superiorem</span> <span class='ocrx_word' id='word_1_345' title='bbox 866 2399 961 2450; x_wconf 76' lang='lat' dir='ltr'>umen</span> <span class='ocrx_word' id='word_1_346' title='bbox 974 2392 1073 2452; x_wconf 90' lang='lat' dir='ltr'>locum</span> <span class='ocrx_word' id='word_1_347' title='bbox 1115 2389 1164 2449; x_wconf 86' lang='lat' dir='ltr'>cui</span> <span class='ocrx_word' id='word_1_348' title='bbox 1183 2388 1311 2449; x_wconf 89' lang='lat' dir='ltr'>dicerent</span> <span class='ocrx_word' id='word_1_349' title='bbox 1333 2390 1369 2450; x_wconf 88' lang='lat' dir='ltr'>de</span> <span class='ocrx_word' id='word_1_350' title='bbox 1390 2391 1636 2466; x_wconf 70' lang='lat' dir='ltr'>dictitarent.»</span> <span class='ocrx_word' id='word_1_351' title='bbox 1663 2391 1699 2450; x_wconf 82' lang='grc' dir='ltr'>ιιι</span> <span class='ocrx_word' id='word_1_352' title='bbox 1720 2407 1779 2452; x_wconf 91' lang='lat' dir='ltr'>uon</span> <span class='ocrx_word' id='word_1_353' title='bbox 1802 2394 1893 2453; x_wconf 89' lang='lat' dir='ltr'>modo</span> <span class='ocrx_word' id='word_1_354' title='bbox 1918 2408 1976 2453; x_wconf 90' lang='lat' dir='ltr'>non</span> 
     </span>
     <span class='ocr_line' id='line_1_25' title="bbox 217 2479 1977 2560; baseline -0.001 -13"><span class='ocrx_word' id='word_1_355' title='bbox 217 2486 419 2548; x_wconf 75' lang='lat' dir='ltr'>Alexandrina</span> <span class='ocrx_word' id='word_1_356' title='bbox 452 2485 534 2543; x_wconf 90' lang='lat' dir='ltr'>sedes</span> <span class='ocrx_word' id='word_1_357' title='bbox 570 2483 706 2551; x_wconf 87' lang='lat' dir='ltr'>obtinuit,</span> <span class='ocrx_word' id='word_1_358' title='bbox 733 2488 766 2543; x_wconf 93' lang='lat' dir='ltr'>ut</span> <span class='ocrx_word' id='word_1_359' title='bbox 791 2482 821 2540; x_wconf 92' lang='lat' dir='ltr'>in</span> <span class='ocrx_word' id='word_1_360' title='bbox 847 2482 1074 2542; x_wconf 87' lang='lat' dir='ltr'>eminentiorum</span> <span class='ocrx_word' id='word_1_361' title='bbox 1118 2480 1204 2540; x_wconf 89' lang='lat' dir='ltr'>reiert</span> <span class='ocrx_word' id='word_1_362' title='bbox 1218 2479 1336 2540; x_wconf 89' lang='lat' dir='ltr'>Petrum</span> <span class='ocrx_word' id='word_1_363' title='bbox 1352 2497 1369 2540; x_wconf 90' lang='lat' dir='ltr'>a</span> <span class='ocrx_word' id='word_1_364' title='bbox 1385 2482 1506 2543; x_wconf 85' lang='lat' dir='ltr'>Domirm</span> <span class='ocrx_word' id='word_1_365' title='bbox 1521 2481 1679 2558; x_wconf 88' lang='lat' dir='ltr'>singularis</span> <span class='ocrx_word' id='word_1_366' title='bbox 1692 2483 1770 2542; x_wconf 88' lang='lat' dir='ltr'>iuter</span> <span class='ocrx_word' id='word_1_367' title='bbox 1782 2491 1907 2545; x_wconf 63' lang='lat' dir='ltr'>wieres</span> <span class='ocrx_word' id='word_1_368' title='bbox 1921 2485 1977 2560; x_wconf 73' lang='lat' dir='ltr'>pri</span> 
     </span>
     <span class='ocr_line' id='line_1_26' title="bbox 218 2568 1978 2651; baseline -0.003 -14"><span class='ocrx_word' id='word_1_369' title='bbox 218 2578 348 2651; x_wconf 90' lang='lat' dir='ltr'>catalogo</span> <span class='ocrx_word' id='word_1_370' title='bbox 363 2574 478 2636; x_wconf 87' lang='lat' dir='ltr'>sedium</span> <span class='ocrx_word' id='word_1_371' title='bbox 495 2574 627 2633; x_wconf 81' lang='lat' dir='ltr'>Romana</span> <span class='ocrx_word' id='word_1_372' title='bbox 648 2571 787 2645; x_wconf 90' lang='lat' dir='ltr'>primum,</span> <span class='ocrx_word' id='word_1_373' title='bbox 805 2571 1005 2630; x_wconf 80' lang='lat' dir='ltr'>Alexandrina</span> <span class='ocrx_word' id='word_1_374' title='bbox 1028 2588 1072 2630; x_wconf 91' lang='lat' dir='ltr'>se-</span> <span class='ocrx_word' id='word_1_375' title='bbox 1118 2568 1218 2643; x_wconf 89' lang='lat' dir='ltr'>vilegii</span> <span class='ocrx_word' id='word_1_376' title='bbox 1239 2568 1330 2643; x_wconf 89' lang='lat' dir='ltr'>gloria</span> <span class='ocrx_word' id='word_1_377' title='bbox 1349 2570 1551 2644; x_wconf 90' lang='lat' dir='ltr'>sublimatum,</span> <span class='ocrx_word' id='word_1_378' title='bbox 1565 2572 1615 2631; x_wconf 89' lang='lat' dir='ltr'>sed</span> <span class='ocrx_word' id='word_1_379' title='bbox 1634 2571 1730 2647; x_wconf 90' lang='lat' dir='ltr'>potius</span> <span class='ocrx_word' id='word_1_380' title='bbox 1745 2578 1862 2633; x_wconf 88' lang='lat' dir='ltr'>austera</span> <span class='ocrx_word' id='word_1_381' title='bbox 1878 2579 1978 2634; x_wconf 78' lang='lat' dir='ltr'>namt</span> 
     </span>
     <span class='ocr_line' id='line_1_27' title="bbox 218 2659 1978 2739; baseline -0.001 -13"><span class='ocrx_word' id='word_1_382' title='bbox 218 2663 633 2735; x_wconf 73' lang='lat' dir='ltr'>cundumhntiocheuavero</span> <span class='ocrx_word' id='word_1_383' title='bbox 652 2659 779 2718; x_wconf 88' lang='lat' dir='ltr'>Ecclesia</span> <span class='ocrx_word' id='word_1_384' title='bbox 800 2659 916 2718; x_wconf 89' lang='lat' dir='ltr'>tertium</span> <span class='ocrx_word' id='word_1_385' title='bbox 932 2659 1075 2732; x_wconf 89' lang='lat' dir='ltr'>possideat</span> <span class='ocrx_word' id='word_1_386' title='bbox 1116 2660 1367 2721; x_wconf 90' lang='lat' dir='ltr'>animadversione</span> <span class='ocrx_word' id='word_1_387' title='bbox 1384 2672 1560 2736; x_wconf 90' lang='lat' dir='ltr'>correptum.</span> <span class='ocrx_word' id='word_1_388' title='bbox 1575 2659 1648 2722; x_wconf 88' lang='lat' dir='ltr'>Nam</span> <span class='ocrx_word' id='word_1_389' title='bbox 1671 2663 1758 2738; x_wconf 89' lang='lat' dir='ltr'>paulo</span> <span class='ocrx_word' id='word_1_390' title='bbox 1776 2671 1850 2739; x_wconf 89' lang='lat' dir='ltr'>pest,</span> <span class='ocrx_word' id='word_1_391' title='bbox 1865 2666 1978 2725; x_wconf 87' lang='lat' dir='ltr'>cumei</span> 
     </span>
     <span class='ocr_line' id='line_1_28' title="bbox 218 2746 1978 2829; baseline 0.002 -17"><span class='ocrx_word' id='word_1_392' title='bbox 218 2753 424 2829; x_wconf 88' lang='lat' dir='ltr'>principatum.</span> <span class='ocrx_word' id='word_1_393' title='bbox 441 2751 477 2810; x_wconf 91' lang='lat' dir='ltr'>Et</span> <span class='ocrx_word' id='word_1_394' title='bbox 490 2749 591 2809; x_wconf 91' lang='lat' dir='ltr'>merito</span> <span class='ocrx_word' id='word_1_395' title='bbox 605 2749 656 2807; x_wconf 92' lang='lat' dir='ltr'>ubi</span> <span class='ocrx_word' id='word_1_396' title='bbox 676 2750 799 2819; x_wconf 88' lang='lat' dir='ltr'>Marcus,</span> <span class='ocrx_word' id='word_1_397' title='bbox 815 2747 857 2806; x_wconf 89' lang='lat' dir='ltr'>ibi</span> <span class='ocrx_word' id='word_1_398' title='bbox 876 2746 987 2813; x_wconf 80' lang='lat' dir='ltr'>Petrus,</span> <span class='ocrx_word' id='word_1_399' title='bbox 1002 2747 1074 2823; x_wconf 89' lang='lat' dir='ltr'>quia</span> <span class='ocrx_word' id='word_1_400' title='bbox 1118 2749 1219 2809; x_wconf 88' lang='lat' dir='ltr'>Petrus</span> <span class='ocrx_word' id='word_1_401' title='bbox 1231 2748 1419 2819; x_wconf 86' lang='lat' dir='ltr'>dissuaderet,</span> <span class='ocrx_word' id='word_1_402' title='bbox 1432 2751 1646 2829; x_wconf 86' lang='lat' dir='ltr'>uesecruciflgi</span> <span class='ocrx_word' id='word_1_403' title='bbox 1658 2752 1845 2828; x_wconf 85' lang='lat' dir='ltr'>permitteret,</span> <span class='ocrx_word' id='word_1_404' title='bbox 1860 2754 1978 2816; x_wconf 75' lang='lat' dir='ltr'>hams</span> 
     </span>
     <span class='ocr_line' id='line_1_29' title="bbox 220 2835 1979 2915; baseline 0.001 -13"><span class='ocrx_word' id='word_1_405' title='bbox 220 2844 329 2903; x_wconf 90' lang='lat' dir='ltr'>tlueuto</span> <span class='ocrx_word' id='word_1_406' title='bbox 346 2839 498 2915; x_wconf 82' lang='lat' dir='ltr'>Evangelii</span> <span class='ocrx_word' id='word_1_407' title='bbox 520 2837 599 2911; x_wconf 82' lang='lat' dir='ltr'>quod</span> <span class='ocrx_word' id='word_1_408' title='bbox 620 2853 658 2896; x_wconf 84' lang='lat' dir='ltr'>ex</span> <span class='ocrx_word' id='word_1_409' title='bbox 675 2853 724 2896; x_wconf 92' lang='lat' dir='ltr'>ore</span> <span class='ocrx_word' id='word_1_410' title='bbox 749 2837 823 2896; x_wconf 87' lang='lat' dir='ltr'>Petri</span> <span class='ocrx_word' id='word_1_411' title='bbox 844 2835 925 2896; x_wconf 91' lang='lat' dir='ltr'>velut</span> <span class='ocrx_word' id='word_1_412' title='bbox 946 2852 984 2895; x_wconf 87' lang='lat' dir='ltr'>ex</span> <span class='ocrx_word' id='word_1_413' title='bbox 1004 2852 1074 2896; x_wconf 90' lang='lat' dir='ltr'>eru-</span> <span class='ocrx_word' id='word_1_414' title='bbox 1116 2851 1185 2896; x_wconf 92' lang='lat' dir='ltr'>eum</span> <span class='ocrx_word' id='word_1_415' title='bbox 1195 2842 1333 2911; x_wconf 75' lang='lat' dir='ltr'>unquam</span> <span class='ocrx_word' id='word_1_416' title='bbox 1347 2836 1408 2897; x_wconf 83' lang='lat' dir='ltr'>celo</span> <span class='ocrx_word' id='word_1_417' title='bbox 1416 2846 1582 2913; x_wconf 91' lang='lat' dir='ltr'>permotum</span> <span class='ocrx_word' id='word_1_418' title='bbox 1592 2839 1703 2899; x_wconf 81' lang='lat' dir='ltr'>dixisse</span> <span class='ocrx_word' id='word_1_419' title='bbox 1714 2844 1855 2902; x_wconf 89' lang='lat' dir='ltr'>testatur:</span> <span class='ocrx_word' id='word_1_420' title='bbox 1870 2865 1884 2894; x_wconf 79' lang='grc' dir='ltr'>ι</span> <span class='ocrx_word' id='word_1_421' title='bbox 1899 2842 1979 2903; x_wconf 75' lang='lat' dir='ltr'>Vade</span> 
     </span>
     <span class='ocr_line' id='line_1_30' title="bbox 217 2924 1978 3006; baseline 0 -15"><span class='ocrx_word' id='word_1_422' title='bbox 217 2930 306 2992; x_wconf 90' lang='lat' dir='ltr'>ctanti</span> <span class='ocrx_word' id='word_1_423' title='bbox 329 2930 406 2989; x_wconf 87' lang='lat' dir='ltr'>toute</span> <span class='ocrx_word' id='word_1_424' title='bbox 426 2927 576 3004; x_wconf 88' lang='lat' dir='ltr'>protluxit,</span> <span class='ocrx_word' id='word_1_425' title='bbox 597 2925 720 2998; x_wconf 86' lang='lat' dir='ltr'>Marcus,</span> <span class='ocrx_word' id='word_1_426' title='bbox 743 2933 775 2985; x_wconf 93' lang='grc' dir='ltr'>ιιι</span> <span class='ocrx_word' id='word_1_427' title='bbox 796 2924 964 2985; x_wconf 90' lang='lat' dir='ltr'>uberrimus</span> <span class='ocrx_word' id='word_1_428' title='bbox 985 2933 1073 3001; x_wconf 81' lang='lat' dir='ltr'>atque</span> <span class='ocrx_word' id='word_1_429' title='bbox 1117 2933 1193 2984; x_wconf 91' lang='lat' dir='ltr'>retro</span> <span class='ocrx_word' id='word_1_430' title='bbox 1212 2940 1269 2998; x_wconf 90' lang='lat' dir='ltr'>me,</span> <span class='ocrx_word' id='word_1_431' title='bbox 1288 2925 1404 2999; x_wconf 86' lang='lat' dir='ltr'>Setaea,</span> <span class='ocrx_word' id='word_1_432' title='bbox 1427 2929 1565 3002; x_wconf 87' lang='lat' dir='ltr'>quoniam</span> <span class='ocrx_word' id='word_1_433' title='bbox 1588 2943 1646 2987; x_wconf 93' lang='lat' dir='ltr'>non</span> <span class='ocrx_word' id='word_1_434' title='bbox 1667 2929 1744 3004; x_wconf 91' lang='lat' dir='ltr'>sapis</span> <span class='ocrx_word' id='word_1_435' title='bbox 1769 2946 1815 3000; x_wconf 90' lang='lat' dir='ltr'>ea,</span> <span class='ocrx_word' id='word_1_436' title='bbox 1838 2946 1907 3006; x_wconf 74' lang='lat' dir='ltr'>quat</span> <span class='ocrx_word' id='word_1_437' title='bbox 1925 2930 1978 2991; x_wconf 82' lang='lat' dir='ltr'>Ilei</span> 
     </span>
     <span class='ocr_line' id='line_1_31' title="bbox 217 3014 1980 3119; baseline -0.001 -39"><span class='ocrx_word' id='word_1_438' title='bbox 217 3021 389 3095; x_wconf 90' lang='lat' dir='ltr'>perspicuus</span> <span class='ocrx_word' id='word_1_439' title='bbox 402 3017 528 3093; x_wconf 87' lang='lat' dir='ltr'>paradisi</span> <span class='ocrx_word' id='word_1_440' title='bbox 543 3016 662 3089; x_wconf 88' lang='lat' dir='ltr'>tiuvius,</span> <span class='ocrx_word' id='word_1_441' title='bbox 677 3032 746 3076; x_wconf 89' lang='lat' dir='ltr'>arra</span> <span class='ocrx_word' id='word_1_442' title='bbox 761 3016 848 3076; x_wconf 89' lang='lat' dir='ltr'>totius</span> <span class='ocrx_word' id='word_1_443' title='bbox 869 3014 1005 3077; x_wconf 72' lang='lat' dir='ltr'>Ecclesia</span> <span class='ocrx_word' id='word_1_444' title='bbox 1024 3032 1072 3076; x_wconf 92' lang='lat' dir='ltr'>oo·</span> <span class='ocrx_word' id='word_1_445' title='bbox 1082 3056 1105 3119; x_wconf 70' lang='lat' dir='ltr'><strong>G</strong></span> <span class='ocrx_word' id='word_1_446' title='bbox 1117 3014 1255 3085; x_wconf 70' lang='lat' dir='ltr'>suntsed</span> <span class='ocrx_word' id='word_1_447' title='bbox 1268 3030 1341 3096; x_wconf 74' lang='lat' dir='ltr'>quae</span> <span class='ocrx_word' id='word_1_448' title='bbox 1350 3016 1504 3077; x_wconf 90' lang='lat' dir='ltr'>homiuum</span> <span class='ocrx_word' id='word_1_449' title='bbox 1519 3019 1652 3087; x_wconf 66' lang='lat' dir='ltr'>illidi.»</span> <span class='ocrx_word' id='word_1_450' title='bbox 1667 3017 1743 3089; x_wconf 81' lang='lat' dir='ltr'>Quid</span> <span class='ocrx_word' id='word_1_451' title='bbox 1759 3026 1802 3079; x_wconf 90' lang='lat' dir='ltr'>est</span> <span class='ocrx_word' id='word_1_452' title='bbox 1815 3035 1886 3096; x_wconf 86' lang='lat' dir='ltr'>ergo</span> <span class='ocrx_word' id='word_1_453' title='bbox 1898 3021 1980 3095; x_wconf 80' lang='lat' dir='ltr'>guod</span> 
     </span>
     <span class='ocr_line' id='line_1_32' title="bbox 218 3103 1981 3184; baseline 0 -17"><span class='ocrx_word' id='word_1_454' title='bbox 218 3108 329 3183; x_wconf 90' lang='lat' dir='ltr'>piosius</span> <span class='ocrx_word' id='word_1_455' title='bbox 340 3105 506 3165; x_wconf 88' lang='lat' dir='ltr'>inundavit.</span> <span class='ocrx_word' id='word_1_456' title='bbox 1117 3103 1219 3164; x_wconf 88' lang='lat' dir='ltr'>heatus</span> <span class='ocrx_word' id='word_1_457' title='bbox 1233 3104 1348 3165; x_wconf 85' lang='lat' dir='ltr'>Marcus</span> <span class='ocrx_word' id='word_1_458' title='bbox 1361 3105 1506 3181; x_wconf 82' lang='lat' dir='ltr'>quidquid</span> <span class='ocrx_word' id='word_1_459' title='bbox 1518 3106 1555 3165; x_wconf 89' lang='lat' dir='ltr'>ad</span> <span class='ocrx_word' id='word_1_460' title='bbox 1571 3106 1700 3181; x_wconf 79' lang='lat' dir='ltr'>magistri</span> <span class='ocrx_word' id='word_1_461' title='bbox 1711 3107 1759 3167; x_wconf 90' lang='lat' dir='ltr'>sui</span> <span class='ocrx_word' id='word_1_462' title='bbox 1773 3107 1899 3183; x_wconf 83' lang='lat' dir='ltr'>gloriam</span> <span class='ocrx_word' id='word_1_463' title='bbox 1916 3125 1981 3184; x_wconf 84' lang='lat' dir='ltr'>per·</span> 
     </span>
     <span class='ocr_line' id='line_1_33' title="bbox 255 3192 1981 3275; baseline -0.001 -17"><span class='ocrx_word' id='word_1_464' title='bbox 255 3198 310 3258; x_wconf 90' lang='lat' dir='ltr'>Sed</span> <span class='ocrx_word' id='word_1_465' title='bbox 329 3196 422 3272; x_wconf 81' lang='lat' dir='ltr'>quaeri</span> <span class='ocrx_word' id='word_1_466' title='bbox 446 3200 547 3270; x_wconf 89' lang='lat' dir='ltr'>potest,</span> <span class='ocrx_word' id='word_1_467' title='bbox 563 3211 615 3255; x_wconf 91' lang='lat' dir='ltr'>cur</span> <span class='ocrx_word' id='word_1_468' title='bbox 636 3194 739 3252; x_wconf 87' lang='lat' dir='ltr'>beatus</span> <span class='ocrx_word' id='word_1_469' title='bbox 761 3192 885 3260; x_wconf 85' lang='lat' dir='ltr'>Marcus,</span> <span class='ocrx_word' id='word_1_470' title='bbox 908 3193 960 3268; x_wconf 82' lang='lat' dir='ltr'>qui</span> <span class='ocrx_word' id='word_1_471' title='bbox 985 3200 1075 3252; x_wconf 80' lang='lat' dir='ltr'>tantm</span> <span class='ocrx_word' id='word_1_472' title='bbox 1117 3192 1199 3265; x_wconf 89' lang='lat' dir='ltr'>tinet,</span> <span class='ocrx_word' id='word_1_473' title='bbox 1212 3193 1293 3254; x_wconf 92' lang='lat' dir='ltr'>velut</span> <span class='ocrx_word' id='word_1_474' title='bbox 1303 3193 1444 3254; x_wconf 88' lang='lat' dir='ltr'>oblivioni</span> <span class='ocrx_word' id='word_1_475' title='bbox 1459 3193 1585 3267; x_wconf 90' lang='lat' dir='ltr'>tradidit,</span> <span class='ocrx_word' id='word_1_476' title='bbox 1595 3193 1740 3271; x_wconf 87' lang='lat' dir='ltr'>quidquid</span> <span class='ocrx_word' id='word_1_477' title='bbox 1754 3200 1871 3258; x_wconf 88' lang='lat' dir='ltr'>veroad</span> <span class='ocrx_word' id='word_1_478' title='bbox 1884 3215 1981 3275; x_wconf 82' lang='lat' dir='ltr'>repre</span> 
     </span>
     <span class='ocr_line' id='line_1_34' title="bbox 198 3283 1980 3363; baseline 0 -15"><span class='ocrx_word' id='word_1_479' title='bbox 198 3289 284 3349; x_wconf 75' lang='lat' dir='ltr'>‘tidei</span> <span class='ocrx_word' id='word_1_480' title='bbox 301 3295 443 3363; x_wconf 79' lang='lat' dir='ltr'>tantasque</span> <span class='ocrx_word' id='word_1_481' title='bbox 462 3286 537 3345; x_wconf 88' lang='lat' dir='ltr'>circa</span> <span class='ocrx_word' id='word_1_482' title='bbox 556 3286 728 3360; x_wconf 83' lang='lat' dir='ltr'>magistrum</span> <span class='ocrx_word' id='word_1_483' title='bbox 747 3283 912 3342; x_wconf 88' lang='lat' dir='ltr'>dilectionis</span> <span class='ocrx_word' id='word_1_484' title='bbox 929 3283 1075 3343; x_wconf 82' lang='lat' dir='ltr'>exstitisse</span> <span class='ocrx_word' id='word_1_485' title='bbox 1117 3283 1287 3343; x_wconf 90' lang='lat' dir='ltr'>hensionem</span> <span class='ocrx_word' id='word_1_486' title='bbox 1326 3291 1385 3344; x_wconf 88' lang='lat' dir='ltr'>tam</span> <span class='ocrx_word' id='word_1_487' title='bbox 1426 3285 1518 3345; x_wconf 89' lang='lat' dir='ltr'>tenaci</span> <span class='ocrx_word' id='word_1_488' title='bbox 1557 3285 1707 3346; x_wconf 86' lang='lat' dir='ltr'>memoriae</span> <span class='ocrx_word' id='word_1_489' title='bbox 1745 3288 1980 3360; x_wconf 82' lang='lat' dir='ltr'>commendavit,</span> 
     </span>
     <span class='ocr_line' id='line_1_35' title="bbox 216 3372 2022 3488; baseline 0.002 -51"><span class='ocrx_word' id='word_1_490' title='bbox 216 3377 405 3454; x_wconf 85' lang='lat' dir='ltr'>dignoscitur,</span> <span class='ocrx_word' id='word_1_491' title='bbox 420 3383 451 3437; x_wconf 92' lang='lat' dir='ltr'>ut</span> <span class='ocrx_word' id='word_1_492' title='bbox 466 3390 562 3435; x_wconf 93' lang='lat' dir='ltr'>unum</span> <span class='ocrx_word' id='word_1_493' title='bbox 574 3390 632 3444; x_wconf 90' lang='lat' dir='ltr'>cor,</span> <span class='ocrx_word' id='word_1_494' title='bbox 648 3388 708 3433; x_wconf 93' lang='lat' dir='ltr'>una</span> <span class='ocrx_word' id='word_1_495' title='bbox 724 3379 799 3432; x_wconf 88' lang='lat' dir='ltr'>certe</span> <span class='ocrx_word' id='word_1_496' title='bbox 812 3372 842 3431; x_wconf 89' lang='lat' dir='ltr'>in</span> <span class='ocrx_word' id='word_1_497' title='bbox 856 3372 970 3432; x_wconf 90' lang='lat' dir='ltr'>duabus</span> <span class='ocrx_word' id='word_1_498' title='bbox 986 3372 1076 3433; x_wconf 89' lang='lat' dir='ltr'>inisse</span> <span class='ocrx_word' id='word_1_499' title='bbox 1118 3373 1195 3432; x_wconf 91' lang='lat' dir='ltr'>uude</span> <span class='ocrx_word' id='word_1_500' title='bbox 1222 3379 1379 3449; x_wconf 75' lang='lat' dir='ltr'>praeceptor</span> <span class='ocrx_word' id='word_1_501' title='bbox 1409 3374 1472 3448; x_wconf 83' lang='lat' dir='ltr'>ejus</span> <span class='ocrx_word' id='word_1_502' title='bbox 1496 3374 1687 3449; x_wconf 88' lang='lat' dir='ltr'>laudaretur,</span> <span class='ocrx_word' id='word_1_503' title='bbox 1712 3376 1794 3438; x_wconf 91' lang='lat' dir='ltr'>velut</span> <span class='ocrx_word' id='word_1_504' title='bbox 1814 3379 1981 3455; x_wconf 81' lang='lat' dir='ltr'>ignomndo</span> <span class='ocrx_word' id='word_1_505' title='bbox 2021 3407 2022 3488; x_wconf 49' lang='grc' dir='ltr'>ι</span> 
     </span>
     <span class='ocr_line' id='line_1_36' title="bbox 217 3459 1982 3547; baseline 0.003 -24"><span class='ocrx_word' id='word_1_506' title='bbox 217 3466 349 3541; x_wconf 88' lang='lat' dir='ltr'>personis</span> <span class='ocrx_word' id='word_1_507' title='bbox 372 3464 470 3523; x_wconf 89' lang='lat' dir='ltr'>anima</span> <span class='ocrx_word' id='word_1_508' title='bbox 490 3463 631 3534; x_wconf 87' lang='lat' dir='ltr'>videatur,</span> <span class='ocrx_word' id='word_1_509' title='bbox 655 3460 784 3534; x_wconf 82' lang='lat' dir='ltr'>magistri</span> <span class='ocrx_word' id='word_1_510' title='bbox 807 3461 854 3520; x_wconf 89' lang='lat' dir='ltr'>sui</span> <span class='ocrx_word' id='word_1_511' title='bbox 873 3459 971 3521; x_wconf 90' lang='lat' dir='ltr'>laudes</span> <span class='ocrx_word' id='word_1_512' title='bbox 988 3467 1075 3535; x_wconf 86' lang='lat' dir='ltr'>atque</span> <span class='ocrx_word' id='word_1_513' title='bbox 1116 3465 1292 3540; x_wconf 86' lang='lat' dir='ltr'>pertransiit,</span> <span class='ocrx_word' id='word_1_514' title='bbox 1309 3465 1389 3526; x_wconf 91' lang='lat' dir='ltr'>uude</span> <span class='ocrx_word' id='word_1_515' title='bbox 1405 3471 1566 3537; x_wconf 77' lang='lat' dir='ltr'>uotmetur,</span> <span class='ocrx_word' id='word_1_516' title='bbox 1587 3473 1671 3528; x_wconf 89' lang='lat' dir='ltr'>acuta</span> <span class='ocrx_word' id='word_1_517' title='bbox 1692 3483 1811 3543; x_wconf 87' lang='lat' dir='ltr'>pmrsus</span> <span class='ocrx_word' id='word_1_518' title='bbox 1832 3476 1861 3531; x_wconf 88' lang='lat' dir='ltr'>et</span> <span class='ocrx_word' id='word_1_519' title='bbox 1887 3471 1982 3547; x_wconf 77' lang='lat' dir='ltr'>plana</span> 
     </span>
     <span class='ocr_line' id='line_1_37' title="bbox 216 3550 1983 3635; baseline 0.005 -21"><span class='ocrx_word' id='word_1_520' title='bbox 216 3555 361 3633; x_wconf 85' lang='lat' dir='ltr'>praeconia</span> <span class='ocrx_word' id='word_1_521' title='bbox 379 3554 500 3614; x_wconf 91' lang='lat' dir='ltr'>omuino</span> <span class='ocrx_word' id='word_1_522' title='bbox 525 3550 666 3613; x_wconf 87' lang='lat' dir='ltr'>tacuerit?</span> <span class='ocrx_word' id='word_1_523' title='bbox 681 3552 753 3610; x_wconf 89' lang='lat' dir='ltr'>Nam</span> <span class='ocrx_word' id='word_1_524' title='bbox 778 3568 845 3611; x_wconf 92' lang='lat' dir='ltr'>cum</span> <span class='ocrx_word' id='word_1_525' title='bbox 870 3552 967 3611; x_wconf 76' lang='lat' dir='ltr'>caeteri</span> <span class='ocrx_word' id='word_1_526' title='bbox 984 3567 1076 3610; x_wconf 87' lang='lat' dir='ltr'>erau-</span> <span class='ocrx_word' id='word_1_527' title='bbox 1117 3554 1256 3615; x_wconf 90' lang='lat' dir='ltr'>relatione</span> <span class='ocrx_word' id='word_1_528' title='bbox 1280 3556 1406 3631; x_wconf 84' lang='lat' dir='ltr'>digessit,</span> <span class='ocrx_word' id='word_1_529' title='bbox 1422 3557 1585 3632; x_wconf 81' lang='lat' dir='ltr'>prasertim</span> <span class='ocrx_word' id='word_1_530' title='bbox 1605 3573 1674 3618; x_wconf 93' lang='lat' dir='ltr'>cum</span> <span class='ocrx_word' id='word_1_531' title='bbox 1698 3558 1842 3635; x_wconf 77' lang='lat' dir='ltr'>quidquid</span> <span class='ocrx_word' id='word_1_532' title='bbox 1862 3560 1983 3622; x_wconf 87' lang='lat' dir='ltr'>occulte</span> 
     </span>
     <span class='ocr_line' id='line_1_38' title="bbox 216 3639 1984 3724; baseline 0.003 -21"><span class='ocrx_word' id='word_1_533' title='bbox 216 3646 327 3723; x_wconf 81' lang='lat' dir='ltr'>gelistae</span> <span class='ocrx_word' id='word_1_534' title='bbox 347 3641 485 3704; x_wconf 90' lang='lat' dir='ltr'>sublimia</span> <span class='ocrx_word' id='word_1_535' title='bbox 510 3642 583 3701; x_wconf 88' lang='lat' dir='ltr'>beati</span> <span class='ocrx_word' id='word_1_536' title='bbox 608 3639 683 3700; x_wconf 85' lang='lat' dir='ltr'>Petri</span> <span class='ocrx_word' id='word_1_537' title='bbox 710 3641 813 3700; x_wconf 90' lang='lat' dir='ltr'>merita</span> <span class='ocrx_word' id='word_1_538' title='bbox 837 3649 865 3700; x_wconf 91' lang='lat' dir='ltr'>et</span> <span class='ocrx_word' id='word_1_539' title='bbox 885 3641 1074 3716; x_wconf 90' lang='lat' dir='ltr'>principalem</span> <span class='ocrx_word' id='word_1_540' title='bbox 1116 3645 1320 3720; x_wconf 88' lang='lat' dir='ltr'>conscriberet,</span> <span class='ocrx_word' id='word_1_541' title='bbox 1334 3647 1398 3723; x_wconf 83' lang='lat' dir='ltr'>ejus</span> <span class='ocrx_word' id='word_1_542' title='bbox 1415 3646 1565 3706; x_wconf 89' lang='lat' dir='ltr'>obtutibus</span> <span class='ocrx_word' id='word_1_543' title='bbox 1589 3646 1770 3707; x_wconf 77' lang='lat' dir='ltr'>offerendum</span> <span class='ocrx_word' id='word_1_544' title='bbox 1786 3663 1851 3708; x_wconf 86' lang='lat' dir='ltr'>esse</span> <span class='ocrx_word' id='word_1_545' title='bbox 1876 3649 1984 3724; x_wconf 86' lang='lat' dir='ltr'>dispo·</span> 
     </span>
     <span class='ocr_line' id='line_1_39' title="bbox 217 3730 1983 3810; baseline 0.002 -16"><span class='ocrx_word' id='word_1_546' title='bbox 217 3733 399 3795; x_wconf 86' lang='lat' dir='ltr'>celsitudinis</span> <span class='ocrx_word' id='word_1_547' title='bbox 411 3731 533 3808; x_wconf 90' lang='lat' dir='ltr'>gloriam</span> <span class='ocrx_word' id='word_1_548' title='bbox 545 3730 712 3805; x_wconf 76' lang='lat' dir='ltr'>frequenter</span> <span class='ocrx_word' id='word_1_549' title='bbox 721 3737 904 3800; x_wconf 89' lang='lat' dir='ltr'>enumerent,</span> <span class='ocrx_word' id='word_1_550' title='bbox 919 3730 998 3790; x_wconf 91' lang='lat' dir='ltr'>sotus</span> <span class='ocrx_word' id='word_1_551' title='bbox 1011 3730 1075 3800; x_wconf 91' lang='lat' dir='ltr'>iste,</span> <span class='ocrx_word' id='word_1_552' title='bbox 1117 3740 1208 3805; x_wconf 91' lang='lat' dir='ltr'>neret,</span> <span class='ocrx_word' id='word_1_553' title='bbox 1221 3734 1287 3809; x_wconf 81' lang='lat' dir='ltr'>ejus</span> <span class='ocrx_word' id='word_1_554' title='bbox 1299 3734 1481 3808; x_wconf 89' lang='lat' dir='ltr'>probandum</span> <span class='ocrx_word' id='word_1_555' title='bbox 1492 3735 1604 3810; x_wconf 78' lang='lat' dir='ltr'>iudicio</span> <span class='ocrx_word' id='word_1_556' title='bbox 1618 3742 1778 3797; x_wconf 88' lang='lat' dir='ltr'>reservaret</span> <span class='ocrx_word' id='word_1_557' title='bbox 1788 3735 1803 3796; x_wconf 79' lang='grc' dir='ltr'>ι</span> <span class='ocrx_word' id='word_1_558' title='bbox 1814 3737 1883 3798; x_wconf 81' lang='lat' dir='ltr'>iam</span> <span class='ocrx_word' id='word_1_559' title='bbox 1895 3753 1983 3808; x_wconf 83' lang='lat' dir='ltr'>vero,</span> 
     </span>
     <span class='ocr_line' id='line_1_40' title="bbox 216 3817 1983 3904; baseline 0.003 -22"><span class='ocrx_word' id='word_1_560' title='bbox 216 3824 241 3882; x_wconf 87' lang='lat' dir='ltr'>si</span> <span class='ocrx_word' id='word_1_561' title='bbox 260 3829 337 3882; x_wconf 91' lang='lat' dir='ltr'>totus</span> <span class='ocrx_word' id='word_1_562' title='bbox 356 3819 506 3895; x_wconf 87' lang='lat' dir='ltr'>Evangelii</span> <span class='ocrx_word' id='word_1_563' title='bbox 529 3819 576 3879; x_wconf 91' lang='lat' dir='ltr'>sui</span> <span class='ocrx_word' id='word_1_564' title='bbox 598 3826 680 3878; x_wconf 90' lang='lat' dir='ltr'>tenor</span> <span class='ocrx_word' id='word_1_565' title='bbox 699 3818 872 3892; x_wconf 83' lang='lat' dir='ltr'>inquiritur,</span> <span class='ocrx_word' id='word_1_566' title='bbox 890 3818 941 3877; x_wconf 91' lang='lat' dir='ltr'>vix</span> <span class='ocrx_word' id='word_1_567' title='bbox 964 3817 1076 3892; x_wconf 84' lang='lat' dir='ltr'>aliquid</span> <span class='ocrx_word' id='word_1_568' title='bbox 1118 3829 1150 3884; x_wconf 89' lang='lat' dir='ltr'>ut</span> <span class='ocrx_word' id='word_1_569' title='bbox 1164 3822 1314 3883; x_wconf 88' lang='lat' dir='ltr'>brevitatis</span> <span class='ocrx_word' id='word_1_570' title='bbox 1332 3823 1427 3885; x_wconf 90' lang='lat' dir='ltr'>studio</span> <span class='ocrx_word' id='word_1_571' title='bbox 1446 3825 1538 3885; x_wconf 92' lang='lat' dir='ltr'>multa</span> <span class='ocrx_word' id='word_1_572' title='bbox 1556 3831 1735 3900; x_wconf 75' lang='lat' dir='ltr'>preteream,</span> <span class='ocrx_word' id='word_1_573' title='bbox 1751 3827 1786 3886; x_wconf 88' lang='lat' dir='ltr'>ad</span> <span class='ocrx_word' id='word_1_574' title='bbox 1806 3828 1983 3904; x_wconf 70' lang='lat' dir='ltr'>passiam</span> 
     </span>
     <span class='ocr_line' id='line_1_41' title="bbox 217 3905 1415 3987; baseline 0 -14"><span class='ocrx_word' id='word_1_575' title='bbox 217 3929 305 3987; x_wconf 90' lang='lat' dir='ltr'>super</span> <span class='ocrx_word' id='word_1_576' title='bbox 323 3911 460 3983; x_wconf 87' lang='lat' dir='ltr'>magistro</span> <span class='ocrx_word' id='word_1_577' title='bbox 482 3924 534 3968; x_wconf 90' lang='lat' dir='ltr'>suo</span> <span class='ocrx_word' id='word_1_578' title='bbox 558 3906 701 3979; x_wconf 88' lang='lat' dir='ltr'>retulisse,</span> <span class='ocrx_word' id='word_1_579' title='bbox 717 3905 794 3983; x_wconf 84' lang='lat' dir='ltr'>quod</span> <span class='ocrx_word' id='word_1_580' title='bbox 817 3905 852 3965; x_wconf 91' lang='lat' dir='ltr'>ad</span> <span class='ocrx_word' id='word_1_581' title='bbox 873 3906 988 3966; x_wconf 91' lang='lat' dir='ltr'>laudem</span> <span class='ocrx_word' id='word_1_582' title='bbox 1009 3923 1076 3981; x_wconf 89' lang='lat' dir='ltr'>per·</span> <span class='ocrx_word' id='word_1_583' title='bbox 1116 3912 1234 3973; x_wconf 89' lang='lat' dir='ltr'>Domini</span> <span class='ocrx_word' id='word_1_584' title='bbox 1250 3913 1415 3975; x_wconf 87' lang='lat' dir='ltr'>veniamus.</span> 
     </span>
     <span class='ocr_line' id='line_1_42' title="bbox 217 3997 1985 4082; baseline 0.003 -20"><span class='ocrx_word' id='word_1_585' title='bbox 217 4004 316 4075; x_wconf 85' lang='lat' dir='ltr'>lineat,</span> <span class='ocrx_word' id='word_1_586' title='bbox 329 4001 489 4061; x_wconf 85' lang='lat' dir='ltr'>invenitur.</span> <span class='ocrx_word' id='word_1_587' title='bbox 510 3999 573 4059; x_wconf 86' lang='lat' dir='ltr'>imo</span> <span class='ocrx_word' id='word_1_588' title='bbox 590 3998 614 4058; x_wconf 91' lang='lat' dir='ltr'>sl</span> <span class='ocrx_word' id='word_1_589' title='bbox 631 3997 786 4071; x_wconf 85' lang='lat' dir='ltr'>diligenter</span> <span class='ocrx_word' id='word_1_590' title='bbox 806 3997 970 4073; x_wconf 90' lang='lat' dir='ltr'>inspicitur,</span> <span class='ocrx_word' id='word_1_591' title='bbox 990 4004 1077 4072; x_wconf 89' lang='lat' dir='ltr'>auget</span> <span class='ocrx_word' id='word_1_592' title='bbox 1151 4004 1234 4064; x_wconf 77' lang='lat' dir='ltr'>Certe</span> <span class='ocrx_word' id='word_1_593' title='bbox 1262 4014 1365 4065; x_wconf 91' lang='lat' dir='ltr'>notum</span> <span class='ocrx_word' id='word_1_594' title='bbox 1390 4010 1434 4065; x_wconf 92' lang='lat' dir='ltr'>est</span> <span class='ocrx_word' id='word_1_595' title='bbox 1457 4007 1539 4082; x_wconf 84' lang='lat' dir='ltr'>quia,</span> <span class='ocrx_word' id='word_1_596' title='bbox 1560 4001 1704 4068; x_wconf 84' lang='lat' dir='ltr'>ministris</span> <span class='ocrx_word' id='word_1_597' title='bbox 1726 4006 1985 4081; x_wconf 86' lang='lat' dir='ltr'>comprehendan-</span> 
     </span>
     <span class='ocr_line' id='line_1_43' title="bbox 217 4086 1986 4169; baseline 0.002 -18"><span class='ocrx_word' id='word_1_598' title='bbox 217 4108 250 4152; x_wconf 90' lang='lat' dir='ltr'>ac</span> <span class='ocrx_word' id='word_1_599' title='bbox 271 4090 368 4150; x_wconf 89' lang='lat' dir='ltr'>verbis</span> <span class='ocrx_word' id='word_1_600' title='bbox 389 4087 563 4160; x_wconf 90' lang='lat' dir='ltr'>accumulat,</span> <span class='ocrx_word' id='word_1_601' title='bbox 578 4088 602 4146; x_wconf 94' lang='lat' dir='ltr'>si</span> <span class='ocrx_word' id='word_1_602' title='bbox 631 4086 702 4163; x_wconf 85' lang='lat' dir='ltr'>quid</span> <span class='ocrx_word' id='word_1_603' title='bbox 730 4086 760 4143; x_wconf 91' lang='lat' dir='ltr'>in</span> <span class='ocrx_word' id='word_1_604' title='bbox 788 4101 823 4145; x_wconf 90' lang='lat' dir='ltr'>eo</span> <span class='ocrx_word' id='word_1_605' title='bbox 849 4086 1075 4162; x_wconf 86' lang='lat' dir='ltr'>reprehensibile</span> <span class='ocrx_word' id='word_1_606' title='bbox 1117 4091 1196 4152; x_wconf 89' lang='lat' dir='ltr'>tibus</span> <span class='ocrx_word' id='word_1_607' title='bbox 1214 4093 1384 4168; x_wconf 87' lang='lat' dir='ltr'>Dominum,</span> <span class='ocrx_word' id='word_1_608' title='bbox 1400 4094 1514 4169; x_wconf 87' lang='lat' dir='ltr'>Petrus,</span> <span class='ocrx_word' id='word_1_609' title='bbox 1535 4102 1569 4157; x_wconf 90' lang='lat' dir='ltr'>ut</span> <span class='ocrx_word' id='word_1_610' title='bbox 1590 4111 1692 4156; x_wconf 90' lang='lat' dir='ltr'>revera</span> <span class='ocrx_word' id='word_1_611' title='bbox 1709 4093 1802 4154; x_wconf 89' lang='lat' dir='ltr'>tidelis</span> <span class='ocrx_word' id='word_1_612' title='bbox 1822 4109 1936 4156; x_wconf 81' lang='lat' dir='ltr'>servus</span> <span class='ocrx_word' id='word_1_613' title='bbox 1956 4103 1986 4154; x_wconf 87' lang='lat' dir='ltr'>et</span> 
     </span>
     <span class='ocr_line' id='line_1_44' title="bbox 217 4172 1988 4258; baseline 0.005 -23"><span class='ocrx_word' id='word_1_614' title='bbox 217 4188 261 4240; x_wconf 87' lang='lat' dir='ltr'>est</span> <span class='ocrx_word' id='word_1_615' title='bbox 274 4199 281 4253; x_wconf 89' lang='grc'>;</span> <span class='ocrx_word' id='word_1_616' title='bbox 296 4178 451 4255; x_wconf 89' lang='lat' dir='ltr'>supprimit</span> <span class='ocrx_word' id='word_1_617' title='bbox 466 4182 574 4249; x_wconf 73' lang='lat' dir='ltr'>numm,</span> <span class='ocrx_word' id='word_1_618' title='bbox 590 4181 618 4235; x_wconf 89' lang='lat' dir='ltr'>et</span> <span class='ocrx_word' id='word_1_619' title='bbox 639 4172 721 4234; x_wconf 91' lang='lat' dir='ltr'>velut</span> <span class='ocrx_word' id='word_1_620' title='bbox 739 4190 776 4233; x_wconf 92' lang='lat' dir='ltr'>ex</span> <span class='ocrx_word' id='word_1_621' title='bbox 797 4175 941 4235; x_wconf 90' lang='lat' dir='ltr'>industria</span> <span class='ocrx_word' id='word_1_622' title='bbox 958 4175 1074 4248; x_wconf 88' lang='lat' dir='ltr'>levigat,</span> <span class='ocrx_word' id='word_1_623' title='bbox 1116 4182 1231 4242; x_wconf 81' lang='lat' dir='ltr'>fervens</span> <span class='ocrx_word' id='word_1_624' title='bbox 1251 4182 1371 4257; x_wconf 88' lang='lat' dir='ltr'>spiritu,</span> <span class='ocrx_word' id='word_1_625' title='bbox 1395 4182 1427 4242; x_wconf 93' lang='lat' dir='ltr'>in</span> <span class='ocrx_word' id='word_1_626' title='bbox 1447 4183 1541 4243; x_wconf 92' lang='lat' dir='ltr'>ictum</span> <span class='ocrx_word' id='word_1_627' title='bbox 1559 4183 1646 4258; x_wconf 90' lang='lat' dir='ltr'>gladii</span> <span class='ocrx_word' id='word_1_628' title='bbox 1673 4200 1705 4244; x_wconf 88' lang='lat' dir='ltr'>se</span> <span class='ocrx_word' id='word_1_629' title='bbox 1730 4184 1808 4244; x_wconf 87' lang='lat' dir='ltr'>ultor</span> <span class='ocrx_word' id='word_1_630' title='bbox 1828 4185 1935 4245; x_wconf 86' lang='lat' dir='ltr'>erexit</span> <span class='ocrx_word' id='word_1_631' title='bbox 1957 4191 1988 4244; x_wconf 87' lang='lat' dir='ltr'>et</span> 
     </span>
     <span class='ocr_line' id='line_1_45' title="bbox 217 4265 1988 4350; baseline 0.002 -19"><span class='ocrx_word' id='word_1_632' title='bbox 217 4270 262 4331; x_wconf 91' lang='lat' dir='ltr'>vel</span> <span class='ocrx_word' id='word_1_633' title='bbox 280 4271 367 4329; x_wconf 89' lang='lat' dir='ltr'>etiam</span> <span class='ocrx_word' id='word_1_634' title='bbox 380 4270 552 4344; x_wconf 82' lang='lat' dir='ltr'>plerumque</span> <span class='ocrx_word' id='word_1_635' title='bbox 567 4265 683 4326; x_wconf 89' lang='lat' dir='ltr'>silentio</span> <span class='ocrx_word' id='word_1_636' title='bbox 697 4267 825 4341; x_wconf 85' lang='lat' dir='ltr'>praeterit</span> <span class='ocrx_word' id='word_1_637' title='bbox 838 4267 916 4340; x_wconf 84' lang='lat' dir='ltr'>quod</span> <span class='ocrx_word' id='word_1_638' title='bbox 932 4266 1076 4327; x_wconf 90' lang='lat' dir='ltr'>laudabile</span> <span class='ocrx_word' id='word_1_639' title='bbox 1116 4272 1278 4332; x_wconf 89' lang='lat' dir='ltr'>auriculam</span> <span class='ocrx_word' id='word_1_640' title='bbox 1306 4272 1383 4333; x_wconf 89' lang='lat' dir='ltr'>servi</span> <span class='ocrx_word' id='word_1_641' title='bbox 1405 4273 1510 4335; x_wconf 82' lang='lat' dir='ltr'>iudam</span> <span class='ocrx_word' id='word_1_642' title='bbox 1536 4273 1711 4350; x_wconf 88' lang='lat' dir='ltr'>proditorem</span> <span class='ocrx_word' id='word_1_643' title='bbox 1734 4273 1861 4349; x_wconf 89' lang='lat' dir='ltr'>impium</span> <span class='ocrx_word' id='word_1_644' title='bbox 1885 4275 1988 4335; x_wconf 83' lang='lat' dir='ltr'>eomi-</span> 
     </span>
     <span class='ocr_line' id='line_1_46' title="bbox 218 4356 1991 4439; baseline -0.001 -18"><span class='ocrx_word' id='word_1_645' title='bbox 218 4359 370 4431; x_wconf 73' lang='lat' dir='ltr'>estosed</span> <span class='ocrx_word' id='word_1_646' title='bbox 395 4358 560 4418; x_wconf 87' lang='lat' dir='ltr'>evidentius</span> <span class='ocrx_word' id='word_1_647' title='bbox 576 4356 767 4426; x_wconf 89' lang='lat' dir='ltr'>ostendimus,</span> <span class='ocrx_word' id='word_1_648' title='bbox 783 4357 807 4416; x_wconf 88' lang='lat' dir='ltr'>si</span> <span class='ocrx_word' id='word_1_649' title='bbox 829 4373 921 4432; x_wconf 90' lang='lat' dir='ltr'>pauca</span> <span class='ocrx_word' id='word_1_650' title='bbox 943 4357 1074 4432; x_wconf 87' lang='lat' dir='ltr'>ejusdem</span> <span class='ocrx_word' id='word_1_651' title='bbox 1118 4361 1214 4434; x_wconf 89' lang='lat' dir='ltr'>tantis,</span> <span class='ocrx_word' id='word_1_652' title='bbox 1230 4360 1361 4421; x_wconf 87' lang='lat' dir='ltr'>abscidit.</span> <span class='ocrx_word' id='word_1_653' title='bbox 1384 4361 1467 4421; x_wconf 90' lang='lat' dir='ltr'>Unde</span> <span class='ocrx_word' id='word_1_654' title='bbox 1493 4367 1520 4421; x_wconf 90' lang='lat' dir='ltr'>et</span> <span class='ocrx_word' id='word_1_655' title='bbox 1540 4362 1687 4423; x_wconf 81' lang='lat' dir='ltr'>loannes:</span> <span class='ocrx_word' id='word_1_656' title='bbox 1706 4360 1852 4434; x_wconf 75' lang='lat' dir='ltr'>«Simon,</span> <span class='ocrx_word' id='word_1_657' title='bbox 1869 4362 1991 4439; x_wconf 80' lang='lat' dir='ltr'>inquit,</span> 
     </span>
     <span class='ocr_line' id='line_1_47' title="bbox 218 4418 1993 4527; baseline 0.002 -16"><span class='ocrx_word' id='word_1_658' title='bbox 218 4449 370 4525; x_wconf 87' lang='lat' dir='ltr'>Evangelii</span> <span class='ocrx_word' id='word_1_659' title='bbox 390 4449 555 4510; x_wconf 89' lang='lat' dir='ltr'>testimonia</span> <span class='ocrx_word' id='word_1_660' title='bbox 577 4447 702 4507; x_wconf 89' lang='lat' dir='ltr'>breviter</span> <span class='ocrx_word' id='word_1_661' title='bbox 719 4462 908 4523; x_wconf 90' lang='lat' dir='ltr'>apponamus.</span> <span class='ocrx_word' id='word_1_662' title='bbox 925 4445 1006 4506; x_wconf 85' lang='lat' dir='ltr'>Certe</span> <span class='ocrx_word' id='word_1_663' title='bbox 1023 4418 1223 4521; x_wconf 75' lang='lat' dir='ltr'>perDPetrus</span> <span class='ocrx_word' id='word_1_664' title='bbox 1249 4451 1361 4511; x_wconf 88' lang='lat' dir='ltr'>habeus</span> <span class='ocrx_word' id='word_1_665' title='bbox 1387 4449 1528 4526; x_wconf 88' lang='lat' dir='ltr'>gladium,</span> <span class='ocrx_word' id='word_1_666' title='bbox 1544 4451 1646 4511; x_wconf 83' lang='lat' dir='ltr'>eduxit</span> <span class='ocrx_word' id='word_1_667' title='bbox 1668 4449 1766 4525; x_wconf 87' lang='lat' dir='ltr'>illum,</span> <span class='ocrx_word' id='word_1_668' title='bbox 1779 4457 1810 4511; x_wconf 89' lang='lat' dir='ltr'>et</span> <span class='ocrx_word' id='word_1_669' title='bbox 1832 4455 1993 4527; x_wconf 67' lang='lat' dir='ltr'>percnum</span> 
     </span>
     <span class='ocr_line' id='line_1_48' title="bbox 217 4537 2022 4614; baseline -0.001 -13"><span class='ocrx_word' id='word_1_670' title='bbox 217 4557 320 4602; x_wconf 90' lang='lat' dir='ltr'>omnes</span> <span class='ocrx_word' id='word_1_671' title='bbox 358 4540 499 4600; x_wconf 90' lang='lat' dir='ltr'>Ecclesias</span> <span class='ocrx_word' id='word_1_672' title='bbox 532 4537 638 4598; x_wconf 90' lang='lat' dir='ltr'>celebri</span> <span class='ocrx_word' id='word_1_673' title='bbox 680 4537 809 4612; x_wconf 78' lang='lat' dir='ltr'>quotidie</span> <span class='ocrx_word' id='word_1_674' title='bbox 848 4537 1076 4613; x_wconf 80' lang='lat' dir='ltr'>frequentatione</span> <span class='ocrx_word' id='word_1_675' title='bbox 1117 4537 1262 4613; x_wconf 87' lang='lat' dir='ltr'>pontilicis</span> <span class='ocrx_word' id='word_1_676' title='bbox 1273 4553 1389 4599; x_wconf 86' lang='lat' dir='ltr'>servum</span> <span class='ocrx_word' id='word_1_677' title='bbox 1404 4543 1433 4599; x_wconf 88' lang='lat' dir='ltr'>et</span> <span class='ocrx_word' id='word_1_678' title='bbox 1444 4538 1567 4600; x_wconf 89' lang='lat' dir='ltr'>abscidit</span> <span class='ocrx_word' id='word_1_679' title='bbox 1585 4539 1650 4614; x_wconf 85' lang='lat' dir='ltr'>ejus</span> <span class='ocrx_word' id='word_1_680' title='bbox 1661 4538 1825 4599; x_wconf 84' lang='lat' dir='ltr'>auriculam</span> <span class='ocrx_word' id='word_1_681' title='bbox 1838 4538 1994 4599; x_wconf 81' lang='lat' dir='ltr'>dextram</span> <span class='ocrx_word' id='word_1_682' title='bbox 2021 4545 2022 4576; x_wconf 65' lang='lat' dir='ltr'>l</span> 
     </span>
     <span class='ocr_line' id='line_1_49' title="bbox 218 4625 1993 4705; baseline -0.001 -15"><span class='ocrx_word' id='word_1_683' title='bbox 218 4631 355 4705; x_wconf 87' lang='lat' dir='ltr'>vulgatur</span> <span class='ocrx_word' id='word_1_684' title='bbox 372 4628 451 4704; x_wconf 84' lang='lat' dir='ltr'>quod</span> <span class='ocrx_word' id='word_1_685' title='bbox 464 4628 564 4687; x_wconf 89' lang='lat' dir='ltr'>beatus</span> <span class='ocrx_word' id='word_1_686' title='bbox 585 4627 688 4688; x_wconf 89' lang='lat' dir='ltr'>Petrus</span> <span class='ocrx_word' id='word_1_687' title='bbox 704 4641 792 4700; x_wconf 93' lang='lat' dir='ltr'>super</span> <span class='ocrx_word' id='word_1_688' title='bbox 804 4640 894 4701; x_wconf 86' lang='lat' dir='ltr'>aquas</span> <span class='ocrx_word' id='word_1_689' title='bbox 912 4625 1076 4686; x_wconf 90' lang='lat' dir='ltr'>ambulasse</span> <span class='ocrx_word' id='word_1_690' title='bbox 1119 4629 1207 4699; x_wconf 81' lang='lat' dir='ltr'>(toan.</span> <span class='ocrx_word' id='word_1_691' title='bbox 1229 4633 1328 4698; x_wconf 85' lang='lat' dir='ltr'>xviri).</span> <span class='ocrx_word' id='word_1_692' title='bbox 1353 4651 1365 4678; x_wconf 89' lang='lat'><strong>·</strong></span> <span class='ocrx_word' id='word_1_693' title='bbox 1394 4626 1451 4688; x_wconf 90' lang='lat' dir='ltr'>Sed</span> <span class='ocrx_word' id='word_1_694' title='bbox 1476 4627 1527 4688; x_wconf 91' lang='lat' dir='ltr'>ubi</span> <span class='ocrx_word' id='word_1_695' title='bbox 1550 4627 1677 4688; x_wconf 89' lang='lat' dir='ltr'>Joaunes</span> <span class='ocrx_word' id='word_1_696' title='bbox 1698 4627 1822 4702; x_wconf 77' lang='lat' dir='ltr'>scripsit</span> <span class='ocrx_word' id='word_1_697' title='bbox 1844 4626 1993 4689; x_wconf 67' lang='lat' dir='ltr'>:Simon</span> 
     </span>
     <span class='ocr_line' id='line_1_50' title="bbox 217 4714 1996 4793; baseline -0.001 -15"><span class='ocrx_word' id='word_1_698' title='bbox 217 4719 400 4778; x_wconf 86' lang='lat' dir='ltr'>describitur.</span> <span class='ocrx_word' id='word_1_699' title='bbox 420 4716 500 4787; x_wconf 84' lang='lat' dir='ltr'>Quod</span> <span class='ocrx_word' id='word_1_700' title='bbox 522 4717 624 4789; x_wconf 84' lang='lat' dir='ltr'>utique</span> <span class='ocrx_word' id='word_1_701' title='bbox 648 4714 800 4774; x_wconf 84' lang='lat' dir='ltr'>llatthaeus</span> <span class='ocrx_word' id='word_1_702' title='bbox 823 4719 881 4772; x_wconf 88' lang='lat' dir='ltr'>tam</span> <span class='ocrx_word' id='word_1_703' title='bbox 905 4721 1001 4789; x_wconf 92' lang='lat' dir='ltr'>aperte</span> <span class='ocrx_word' id='word_1_704' title='bbox 1025 4716 1077 4774; x_wconf 90' lang='lat' dir='ltr'>da·</span> <span class='ocrx_word' id='word_1_705' title='bbox 1119 4715 1258 4787; x_wconf 74' lang='lat' dir='ltr'>Petrus»</span> <span class='ocrx_word' id='word_1_706' title='bbox 1282 4715 1323 4774; x_wconf 92' lang='lat' dir='ltr'>ihi</span> <span class='ocrx_word' id='word_1_707' title='bbox 1345 4715 1460 4777; x_wconf 84' lang='lat' dir='ltr'>Marcus</span> <span class='ocrx_word' id='word_1_708' title='bbox 1483 4717 1616 4793; x_wconf 69' lang='lat' dir='ltr'>posuit«</span> <span class='ocrx_word' id='word_1_709' title='bbox 1635 4733 1717 4778; x_wconf 88' lang='lat' dir='ltr'>unus</span> <span class='ocrx_word' id='word_1_710' title='bbox 1734 4722 1831 4777; x_wconf 89' lang='lat' dir='ltr'>autem</span> <span class='ocrx_word' id='word_1_711' title='bbox 1853 4716 1996 4791; x_wconf 83' lang='lat' dir='ltr'>quidam</span> 
     </span>
     <span class='ocr_line' id='line_1_51' title="bbox 217 4802 1997 4881; baseline -0.001 -13"><span class='ocrx_word' id='word_1_712' title='bbox 217 4809 306 4868; x_wconf 91' lang='lat' dir='ltr'>clarat</span> <span class='ocrx_word' id='word_1_713' title='bbox 334 4813 367 4866; x_wconf 89' lang='lat' dir='ltr'>ut</span> <span class='ocrx_word' id='word_1_714' title='bbox 387 4804 548 4865; x_wconf 91' lang='lat' dir='ltr'>ambulanti</span> <span class='ocrx_word' id='word_1_715' title='bbox 575 4802 699 4863; x_wconf 85' lang='lat' dir='ltr'>liomiuo</span> <span class='ocrx_word' id='word_1_716' title='bbox 731 4819 817 4877; x_wconf 90' lang='lat' dir='ltr'>super</span> <span class='ocrx_word' id='word_1_717' title='bbox 841 4818 921 4861; x_wconf 90' lang='lat' dir='ltr'>mare</span> <span class='ocrx_word' id='word_1_718' title='bbox 958 4802 1076 4862; x_wconf 91' lang='lat' dir='ltr'>Petrum</span> <span class='ocrx_word' id='word_1_719' title='bbox 1118 4804 1154 4864; x_wconf 91' lang='lat' dir='ltr'>de</span> <span class='ocrx_word' id='word_1_720' title='bbox 1176 4805 1429 4867; x_wconf 88' lang='lat' dir='ltr'>circumstantibus</span> <span class='ocrx_word' id='word_1_721' title='bbox 1447 4806 1541 4879; x_wconf 77' lang='lat' dir='ltr'>(Marc.</span> <span class='ocrx_word' id='word_1_722' title='bbox 1563 4808 1670 4876; x_wconf 76' lang='lat' dir='ltr'>xlvi.»</span> <span class='ocrx_word' id='word_1_723' title='bbox 1695 4813 1843 4881; x_wconf 67' lang='lat' dir='ltr'>quaemus</span> <span class='ocrx_word' id='word_1_724' title='bbox 1863 4806 1917 4867; x_wconf 83' lang='lat' dir='ltr'>sic</span> <span class='ocrx_word' id='word_1_725' title='bbox 1940 4825 1997 4867; x_wconf 79' lang='lat' dir='ltr'>ve·</span> 
     </span>
     <span class='ocr_line' id='line_1_52' title="bbox 217 4892 2000 4971; baseline -0.001 -11"><span class='ocrx_word' id='word_1_726' title='bbox 217 4900 404 4971; x_wconf 84' lang='lat' dir='ltr'>exclamasse,</span> <span class='ocrx_word' id='word_1_727' title='bbox 428 4897 532 4955; x_wconf 87' lang='lat' dir='ltr'>reterat</span> <span class='ocrx_word' id='word_1_728' title='bbox 554 4919 560 4953; x_wconf 79' lang='lat' dir='ltr'><strong><em>z</em></strong></span> <span class='ocrx_word' id='word_1_729' title='bbox 582 4893 744 4965; x_wconf 75' lang='lat' dir='ltr'>«Domine,</span> <span class='ocrx_word' id='word_1_730' title='bbox 766 4892 791 4952; x_wconf 90' lang='lat' dir='ltr'>si</span> <span class='ocrx_word' id='word_1_731' title='bbox 818 4900 848 4952; x_wconf 91' lang='lat' dir='ltr'>tu</span> <span class='ocrx_word' id='word_1_732' title='bbox 875 4910 915 4963; x_wconf 91' lang='lat' dir='ltr'>es,</span> <span class='ocrx_word' id='word_1_733' title='bbox 936 4894 1006 4968; x_wconf 88' lang='lat' dir='ltr'>jube</span> <span class='ocrx_word' id='word_1_734' title='bbox 1030 4909 1076 4953; x_wconf 90' lang='lat' dir='ltr'>me</span> <span class='ocrx_word' id='word_1_735' title='bbox 1119 4893 1210 4954; x_wconf 85' lang='lat' dir='ltr'>litatis</span> <span class='ocrx_word' id='word_1_736' title='bbox 1226 4892 1375 4956; x_wconf 88' lang='lat' dir='ltr'>historiam</span> <span class='ocrx_word' id='word_1_737' title='bbox 1392 4899 1512 4968; x_wconf 89' lang='lat' dir='ltr'>texeret,</span> <span class='ocrx_word' id='word_1_738' title='bbox 1528 4899 1560 4955; x_wconf 89' lang='lat' dir='ltr'>ut</span> <span class='ocrx_word' id='word_1_739' title='bbox 1579 4900 1676 4954; x_wconf 78' lang='lat' dir='ltr'>mmeu</span> <span class='ocrx_word' id='word_1_740' title='bbox 1693 4894 1825 4966; x_wconf 85' lang='lat' dir='ltr'>magistri</span> <span class='ocrx_word' id='word_1_741' title='bbox 1852 4895 2000 4970; x_wconf 85' lang='lat' dir='ltr'>gloriam</span> 
     </span>
     <span class='ocr_line' id='line_1_53' title="bbox 218 4982 2001 5062; baseline -0.001 -15"><span class='ocrx_word' id='word_1_742' title='bbox 218 4990 362 5050; x_wconf 66' lang='lat' dir='ltr'>rreuimad</span> <span class='ocrx_word' id='word_1_743' title='bbox 376 4997 604 5062; x_wconf 84' lang='lat' dir='ltr'>iesuperaquas.</span> <span class='ocrx_word' id='word_1_744' title='bbox 620 4984 775 5058; x_wconf 69' lang='lat' dir='ltr'>aliumque</span> <span class='ocrx_word' id='word_1_745' title='bbox 787 4982 927 5041; x_wconf 89' lang='lat' dir='ltr'>dixisset:</span> <span class='ocrx_word' id='word_1_746' title='bbox 943 5004 957 5036; x_wconf 79' lang='grc' dir='ltr'>ιι</span> <span class='ocrx_word' id='word_1_747' title='bbox 967 4982 1073 5055; x_wconf 73' lang='lat' dir='ltr'>Veni»</span> <span class='ocrx_word' id='word_1_748' title='bbox 1119 4982 1235 5043; x_wconf 91' lang='lat' dir='ltr'>silentio</span> <span class='ocrx_word' id='word_1_749' title='bbox 1261 4985 1430 5059; x_wconf 75' lang='lat' dir='ltr'>preteriret.</span> <span class='ocrx_word' id='word_1_750' title='bbox 1459 4984 1564 5060; x_wconf 86' lang='lat' dir='ltr'>Sicque</span> <span class='ocrx_word' id='word_1_751' title='bbox 1590 4984 1712 5044; x_wconf 89' lang='lat' dir='ltr'>veridici</span> <span class='ocrx_word' id='word_1_752' title='bbox 1736 4983 1895 5059; x_wconf 82' lang='lat' dir='ltr'>scriptoris</span> <span class='ocrx_word' id='word_1_753' title='bbox 1935 4987 2001 5046; x_wconf 86' lang='lat' dir='ltr'>im-</span> 
     </span>
     <span class='ocr_line' id='line_1_54' title="bbox 217 5070 1999 5155; baseline -0.002 -16"><span class='ocrx_word' id='word_1_754' title='bbox 217 5089 321 5155; x_wconf 86' lang='lat' dir='ltr'>praesto</span> <span class='ocrx_word' id='word_1_755' title='bbox 335 5074 511 5154; x_wconf 78' lang='lat' dir='ltr'>subjunxit:</span> <span class='ocrx_word' id='word_1_756' title='bbox 531 5097 541 5125; x_wconf 84' lang='grc' dir='ltr'>ι</span> <span class='ocrx_word' id='word_1_757' title='bbox 559 5074 594 5133; x_wconf 80' lang='grc' dir='ltr'>ιιι</span> <span class='ocrx_word' id='word_1_758' title='bbox 612 5072 790 5133; x_wconf 90' lang='lat' dir='ltr'>descendens</span> <span class='ocrx_word' id='word_1_759' title='bbox 813 5070 914 5130; x_wconf 86' lang='lat' dir='ltr'>Petrus</span> <span class='ocrx_word' id='word_1_760' title='bbox 935 5071 971 5130; x_wconf 88' lang='lat' dir='ltr'>da</span> <span class='ocrx_word' id='word_1_761' title='bbox 992 5071 1076 5130; x_wconf 89' lang='lat' dir='ltr'>navi·</span> <span class='ocrx_word' id='word_1_762' title='bbox 1119 5071 1209 5144; x_wconf 88' lang='lat' dir='ltr'>pleret</span> <span class='ocrx_word' id='word_1_763' title='bbox 1226 5072 1366 5144; x_wconf 90' lang='lat' dir='ltr'>officium,</span> <span class='ocrx_word' id='word_1_764' title='bbox 1382 5078 1414 5132; x_wconf 89' lang='lat' dir='ltr'>ut</span> <span class='ocrx_word' id='word_1_765' title='bbox 1433 5087 1564 5147; x_wconf 79' lang='lat' dir='ltr'>pemonae</span> <span class='ocrx_word' id='word_1_766' title='bbox 1576 5071 1732 5146; x_wconf 78' lang='lat' dir='ltr'>cuiuslibet</span> <span class='ocrx_word' id='word_1_767' title='bbox 1752 5073 1934 5147; x_wconf 84' lang='lat' dir='ltr'>ignorando</span> <span class='ocrx_word' id='word_1_768' title='bbox 1952 5077 1999 5135; x_wconf 85' lang='lat' dir='ltr'>ta-</span> 
     </span>
     <span class='ocr_line' id='line_1_55' title="bbox 217 5159 2003 5239; baseline -0.004 -10"><span class='ocrx_word' id='word_1_769' title='bbox 217 5169 283 5229; x_wconf 90' lang='lat' dir='ltr'>cula</span> <span class='ocrx_word' id='word_1_770' title='bbox 307 5166 475 5227; x_wconf 90' lang='lat' dir='ltr'>ambulabat</span> <span class='ocrx_word' id='word_1_771' title='bbox 496 5179 582 5239; x_wconf 90' lang='lat' dir='ltr'>super</span> <span class='ocrx_word' id='word_1_772' title='bbox 598 5177 716 5237; x_wconf 82' lang='lat' dir='ltr'>aquam,</span> <span class='ocrx_word' id='word_1_773' title='bbox 732 5168 764 5222; x_wconf 94' lang='lat' dir='ltr'>ut</span> <span class='ocrx_word' id='word_1_774' title='bbox 787 5162 899 5220; x_wconf 83' lang='lat' dir='ltr'>veniret</span> <span class='ocrx_word' id='word_1_775' title='bbox 921 5161 957 5220; x_wconf 93' lang='lat' dir='ltr'>ad</span> <span class='ocrx_word' id='word_1_776' title='bbox 972 5161 1076 5220; x_wconf 84' lang='lat' dir='ltr'>iesum</span> <span class='ocrx_word' id='word_1_777' title='bbox 1121 5174 1228 5232; x_wconf 86' lang='lat' dir='ltr'>rorem,</span> <span class='ocrx_word' id='word_1_778' title='bbox 1253 5160 1439 5220; x_wconf 86' lang='lat' dir='ltr'>assentatoris</span> <span class='ocrx_word' id='word_1_779' title='bbox 1463 5174 1521 5219; x_wconf 92' lang='lat' dir='ltr'>non</span> <span class='ocrx_word' id='word_1_780' title='bbox 1547 5159 1710 5219; x_wconf 88' lang='lat' dir='ltr'>incurreret</span> <span class='ocrx_word' id='word_1_781' title='bbox 1732 5172 1869 5218; x_wconf 72' lang='lat' dir='ltr'>navum.</span> <span class='ocrx_word' id='word_1_782' title='bbox 1901 5161 2003 5222; x_wconf 71' lang='lat' dir='ltr'>uerae</span> 
     </span>
     <span class='ocr_line' id='line_1_56' title="bbox 218 5246 2005 5332; baseline -0.003 -16"><span class='ocrx_word' id='word_1_783' title='bbox 218 5260 327 5331; x_wconf 72' lang='lat' dir='ltr'>(blatta.</span> <span class='ocrx_word' id='word_1_784' title='bbox 339 5257 414 5328; x_wconf 84' lang='lat' dir='ltr'>xiv).</span> <span class='ocrx_word' id='word_1_785' title='bbox 428 5279 441 5304; x_wconf 71' lang='grc' dir='ltr'>ι</span> <span class='ocrx_word' id='word_1_786' title='bbox 456 5251 722 5313; x_wconf 87' lang='lat' dir='ltr'>Marcusautemad</span> <span class='ocrx_word' id='word_1_787' title='bbox 737 5251 951 5311; x_wconf 86' lang='lat' dir='ltr'>huncveniens</span> <span class='ocrx_word' id='word_1_788' title='bbox 967 5251 1075 5321; x_wconf 89' lang='lat' dir='ltr'>locum,</span> <span class='ocrx_word' id='word_1_789' title='bbox 1118 5248 1225 5324; x_wconf 78' lang='lat' dir='ltr'>quippe</span> <span class='ocrx_word' id='word_1_790' title='bbox 1240 5249 1357 5332; x_wconf 68' lang='grc' dir='ltr'>Διιιιιιιιι</span> <span class='ocrx_word' id='word_1_791' title='bbox 1381 5249 1558 5321; x_wconf 86' lang='lat' dir='ltr'>deserviens,</span> <span class='ocrx_word' id='word_1_792' title='bbox 1585 5248 1617 5307; x_wconf 90' lang='lat' dir='ltr'>in</span> <span class='ocrx_word' id='word_1_793' title='bbox 1642 5246 1792 5317; x_wconf 90' lang='lat' dir='ltr'>omnibus,</span> <span class='ocrx_word' id='word_1_794' title='bbox 1812 5259 1896 5320; x_wconf 73' lang='lat' dir='ltr'>quam</span> <span class='ocrx_word' id='word_1_795' title='bbox 1926 5265 2005 5311; x_wconf 87' lang='lat' dir='ltr'>con·</span> 
     </span>
     <span class='ocr_line' id='line_1_57' title="bbox 219 5332 2007 5418; baseline -0.004 -15"><span class='ocrx_word' id='word_1_796' title='bbox 219 5344 316 5404; x_wconf 88' lang='lat' dir='ltr'>omuin</span> <span class='ocrx_word' id='word_1_797' title='bbox 365 5359 416 5418; x_wconf 91' lang='lat' dir='ltr'>per</span> <span class='ocrx_word' id='word_1_798' title='bbox 448 5343 578 5402; x_wconf 89' lang='lat' dir='ltr'>ordinem</span> <span class='ocrx_word' id='word_1_799' title='bbox 619 5340 704 5415; x_wconf 91' lang='lat' dir='ltr'>plena</span> <span class='ocrx_word' id='word_1_800' title='bbox 750 5339 890 5398; x_wconf 87' lang='lat' dir='ltr'>relatione</span> <span class='ocrx_word' id='word_1_801' title='bbox 939 5339 1076 5399; x_wconf 90' lang='lat' dir='ltr'>describit</span> <span class='ocrx_word' id='word_1_802' title='bbox 1119 5338 1240 5414; x_wconf 90' lang='lat' dir='ltr'>scripsit,</span> <span class='ocrx_word' id='word_1_803' title='bbox 1269 5337 1413 5399; x_wconf 91' lang='lat' dir='ltr'>commodi</span> <span class='ocrx_word' id='word_1_804' title='bbox 1450 5352 1532 5414; x_wconf 88' lang='lat' dir='ltr'>spem</span> <span class='ocrx_word' id='word_1_805' title='bbox 1572 5337 1707 5407; x_wconf 85' lang='lat' dir='ltr'>nescivit,</span> <span class='ocrx_word' id='word_1_806' title='bbox 1734 5332 1883 5396; x_wconf 62' lang='lat' dir='ltr'>amicitia</span> <span class='ocrx_word' id='word_1_807' title='bbox 1931 5340 2007 5415; x_wconf 71' lang='lat' dir='ltr'>iura</span> 
     </span>
     <span class='ocr_line' id='line_1_58' title="bbox 218 5424 2008 5508; baseline -0.004 -18"><span class='ocrx_word' id='word_1_808' title='bbox 218 5435 383 5503; x_wconf 78' lang='lat' dir='ltr'>(liorem),</span> <span class='ocrx_word' id='word_1_809' title='bbox 399 5438 518 5508; x_wconf 91' lang='lat' dir='ltr'>excepto</span> <span class='ocrx_word' id='word_1_810' title='bbox 539 5430 616 5506; x_wconf 81' lang='lat' dir='ltr'>quod</span> <span class='ocrx_word' id='word_1_811' title='bbox 634 5429 708 5490; x_wconf 88' lang='lat' dir='ltr'>Petri</span> <span class='ocrx_word' id='word_1_812' title='bbox 728 5428 840 5489; x_wconf 94' lang='lat' dir='ltr'>nullam</span> <span class='ocrx_word' id='word_1_813' title='bbox 858 5429 975 5505; x_wconf 90' lang='lat' dir='ltr'>penitus</span> <span class='ocrx_word' id='word_1_814' title='bbox 990 5444 1074 5488; x_wconf 90' lang='lat' dir='ltr'>men·</span> <span class='ocrx_word' id='word_1_815' title='bbox 1117 5425 1297 5503; x_wconf 90' lang='lat' dir='ltr'>contempsit,</span> <span class='ocrx_word' id='word_1_816' title='bbox 1325 5429 1487 5489; x_wconf 90' lang='lat' dir='ltr'>humanam</span> <span class='ocrx_word' id='word_1_817' title='bbox 1522 5426 1659 5489; x_wconf 82' lang='lat' dir='ltr'>funditus</span> <span class='ocrx_word' id='word_1_818' title='bbox 1698 5424 1822 5501; x_wconf 85' lang='lat' dir='ltr'>gratiam</span> <span class='ocrx_word' id='word_1_819' title='bbox 1868 5426 2008 5505; x_wconf 71' lang='lat' dir='ltr'>ignon-</span> 
     </span>
     <span class='ocr_line' id='line_1_59' title="bbox 218 5514 2010 5604; baseline -0.004 -24"><span class='ocrx_word' id='word_1_820' title='bbox 218 5520 326 5604; x_wconf 59' lang='lat' dir='ltr'>pionem</span> <span class='ocrx_word' id='word_1_821' title='bbox 341 5521 417 5580; x_wconf 89' lang='lat' dir='ltr'>tacit.</span> <span class='ocrx_word' id='word_1_822' title='bbox 903 5587 905 5592; x_wconf 84' lang='lat'><em>.</em></span> <span class='ocrx_word' id='word_1_823' title='bbox 1118 5519 1168 5586; x_wconf 90' lang='lat' dir='ltr'>vit.</span> <span class='ocrx_word' id='word_1_824' title='bbox 1187 5517 1336 5582; x_wconf 87' lang='lat' dir='ltr'>Postremo</span> <span class='ocrx_word' id='word_1_825' title='bbox 1367 5518 1403 5577; x_wconf 90' lang='lat' dir='ltr'>ad</span> <span class='ocrx_word' id='word_1_826' title='bbox 1431 5516 1508 5582; x_wconf 88' lang='lat' dir='ltr'>Petri</span> <span class='ocrx_word' id='word_1_827' title='bbox 1537 5517 1722 5597; x_wconf 87' lang='lat' dir='ltr'>negationem</span> <span class='ocrx_word' id='word_1_828' title='bbox 1751 5514 1901 5593; x_wconf 79' lang='lat' dir='ltr'>veniens,</span> <span class='ocrx_word' id='word_1_829' title='bbox 1930 5537 2010 5584; x_wconf 73' lang='lat' dir='ltr'>eum</span> 
     </span>
    </p>
   </div>
   <div class='ocr_carea' id='block_1_5' title="bbox 217 430 1974 514">
    <p class='ocr_par' dir='ltr' id='par_1_5' title="bbox 217 429 2022 2654">
     <span class='ocr_line' id='line_1_60' title="bbox 217 430 1974 514; baseline 0.002 -20"><span class='ocrx_word' id='word_1_830' title='bbox 217 435 285 494; x_wconf 92' lang='lat' dir='ltr'>dem</span> <span class='ocrx_word' id='word_1_831' title='bbox 306 448 340 492; x_wconf 90' lang='lat' dir='ltr'>ac</span> <span class='ocrx_word' id='word_1_832' title='bbox 362 430 587 492; x_wconf 88' lang='lat' dir='ltr'>sincerissimam</span> <span class='ocrx_word' id='word_1_833' title='bbox 609 432 768 498; x_wconf 85' lang='lat' dir='ltr'>veritatem,</span> <span class='ocrx_word' id='word_1_834' title='bbox 785 431 965 492; x_wconf 89' lang='lat' dir='ltr'>auctoritatis</span> <span class='ocrx_word' id='word_1_835' title='bbox 985 432 1075 492; x_wconf 93' lang='lat' dir='ltr'>robur</span> <span class='ocrx_word' id='word_1_836' title='bbox 1118 430 1237 492; x_wconf 75' lang='lat' dir='ltr'>eximie</span> <span class='ocrx_word' id='word_1_837' title='bbox 1251 430 1431 491; x_wconf 92' lang='lat' dir='ltr'>celsitudinis</span> <span class='ocrx_word' id='word_1_838' title='bbox 1446 431 1650 493; x_wconf 89' lang='lat' dir='ltr'>excellentiam</span> <span class='ocrx_word' id='word_1_839' title='bbox 1666 448 1725 494; x_wconf 90' lang='lat' dir='ltr'>non</span> <span class='ocrx_word' id='word_1_840' title='bbox 1746 436 1883 510; x_wconf 88' lang='lat' dir='ltr'>miretur,</span> <span class='ocrx_word' id='word_1_841' title='bbox 1896 439 1974 514; x_wconf 87' lang='lat' dir='ltr'>quia,</span> 
     </span>
    </p>
   </div>
   <div class='ocr_carea' id='block_1_6' title="bbox 0 0 2057 6209">
    <p class='ocr_par' dir='ltr' id='par_1_6' title="bbox 0 0 2057 6209">
     <span class='ocr_line' id='line_1_61' title="bbox 0 0 2057 6209; baseline 0 0"><span class='ocrx_word' id='word_1_842' title='bbox 0 0 2057 6209; x_wconf 95' lang='lat' dir='ltr'> </span> 
     </span>
    </p>
   </div>
  </div>
 </body>
</html>
