4100 6209
176 295 231 357 919
486 298 516 359 S.
538 299 649 358 PETRI
669 298 830 359 uiuitur
850 296 929 360 OPP.
950 294 1047 357 PARS
1067 293 1139 356 SEU
1157 295 1283 360 TOMUS
1302 298 1340 359 n.
1359 330 1396 344 -
1416 297 1624 361 submoues,
1833 294 1838 303 ’
1877 302 1936 365 sub

474 423 599 484 SERMD
613 424 742 486 LXXIV.
1039 421 1134 485 Anisi
1155 423 1206 499 qui
1226 422 1356 499 legitime
1370 424 1523 485 cermrerit
1539 425 1577 495 lli
1600 427 1669 483 Tim.
1685 426 1727 498 ul.
1741 448 1754 477 ι
1776 424 1849 487 tiae
1863 433 1934 489 sunt

402 525 441 573 ιι
454 524 615 573 summouit
628 524 807 575 exarsurus.
1073 510 1200 587 denique
1212 520 1312 587 gentes
1330 529 1403 589 quas
1415 511 1574 573 israelitico
1592 513 1698 590 populo
1719 513 1836 591 Moyses
1853 532 1932 593 prae·

215 603 247 666 si
268 602 422 677 diligenter
442 601 622 661 considerare
636 601 783 674 volumus,
800 600 1033 664 iratres-cheris-
1073 600 1198 675 cipicbat
1223 603 1420 677 exstinguere,
1442 608 1470 662 et
1493 619 1511 661 a
1534 603 1606 662 tacis
1628 609 1713 663 terra
1733 604 1845 679 absque
1868 605 1933 667 ulla

152 756 154 759 ,
179 692 258 765 simi,
277 692 356 752 unde
377 690 522 757 venimus,
539 696 567 749 et
585 706 642 766 qno
663 706 810 764 vocamur,
823 692 915 752 nultae
930 693 961 751 in
979 706 1033 750 no·
1071 690 1190 750 ioederis
1215 693 1437 767 interpositione
1458 690 1581 752 delere:
1606 692 1708 753 «Cum
1732 693 1932 757 introduxerit

178 786 223 847 bis
239 785 316 844 eires
329 790 407 851 sunt,
423 782 532 857 quibus
544 783 579 842 ad
599 783 759 842 reddendas
777 785 836 844 Deo
847 785 954 861 gratias
968 786 1031 844 sul·
1073 787 1111 851 te,
1125 780 1231 858 inquit,
1247 782 1389 843 Dominus
1401 783 1478 843 Dens
1494 792 1562 843 tuus
1575 782 1605 841 io
1625 788 1740 855 terram,
1755 800 1847 859 quam
1860 798 1931 860 pos·

176 875 261 934 licere
285 875 442 933 valeamus.
469 874 527 932 Nos
547 872 626 932 enim
653 871 706 931 lilii
732 872 821 932 Israel
841 889 954 945 eumue,
978 874 1031 948 qui
1071 886 1206 931 sessurus
1225 872 1405 947 ingredieris,
1425 881 1453 932 et
1472 872 1612 932 detexerit
1629 879 1730 948 gentes
1748 873 1857 933 multas
1877 889 1928 935 oo·

178 966 322 1026 Pharaoni
351 964 382 1023 in
409 964 533 1039 rilgypto
563 965 738 1022 servivimus
762 965 863 1036 (ιιοιι.
890 967 952 1032 nrt,
979 964 1030 1037 qui
1070 976 1133 1020 ram
1149 969 1185 1033 te,
1200 960 1378 1035 Hethaenm,
1394 969 1422 1021 et
1436 962 1642 1036 Gergesaeum,
1658 968 1687 1020 et
1701 962 1929 1035 amorrheum,

177 1054 350 1130 gravissimo
388 1052 504 1127 superbi
545 1052 621 1126 regis
660 1052 781 1127 imperio
816 1053 1028 1127 premebamur.
1071 1051 1280 1123 cirenensium,
1304 1060 1332 1112 et
1352 1051 1551 1125 Pheresaaum,
1571 1057 1600 1111 et
1619 1051 1774 1123 Heraeum,
1791 1058 1819 1111 et
1836 1052 1931 1113 iebu-

178 1144 328 1205 Gaudebat
341 1144 485 1218 siquidem
500 1142 632 1218 princeps
655 1143 757 1202 mundi
772 1143 859 1218 hujus
872 1145 927 1203 suh
938 1143 1030 1204 terreo
1071 1155 1173 1213 ιιιιιι,
1193 1148 1302 1216 septem
1321 1148 1423 1217 gentes
1442 1141 1536 1202 multo
1556 1141 1674 1217 majoris
1691 1140 1819 1213 numeri,
1836 1156 1929 1218 qnam

176 1249 240 1295 suae
266 1233 414 1293 servitutis
435 1232 506 1305 jugo
528 1246 580 1290 nos
609 1230 806 1290 indesinenter
830 1238 975 1303 atterere,
1001 1237 1031 1290 et
1071 1235 1102 1287 ιι
1121 1244 1162 1299 es,
1179 1236 1207 1287 et
1227 1231 1405 1290 robustiores
1426 1236 1464 1301 te,
1480 1229 1687 1306 tradideritque
1710 1245 1759 1290 oss
1785 1229 1932 1289 Dominus

174 1320 326 1381 servilium
352 1334 473 1394 operum
492 1334 605 1394 semper
621 1317 724 1377 officiis
740 1334 888 1393 occuparo.
906 1318 1030 1391 cogebat
1069 1315 1148 1377 Dens
1171 1323 1241 1377 tuus
1266 1317 1329 1392 tibi,
1346 1318 1489 1393 percuties
1509 1334 1558 1378 eas
1580 1317 1728 1393 usquead
1751 1318 1933 1379 internecio-

173 1425 229 1471 nos
248 1409 352 1468 lateres
371 1423 504 1481 coquere,
519 1406 589 1481 quia
607 1423 666 1467 uon
682 1423 718 1466 ex
736 1408 868 1481 pretiosis
884 1407 1029 1469 ιιιιιιιιιιι
1069 1420 1160 1465 nem:
1185 1420 1244 1465 non
1269 1406 1359 1467 inibis
1372 1422 1441 1469 cum
1463 1407 1506 1467 eis
1529 1406 1635 1481 toedus,
1663 1423 1716 1468 nec
1742 1406 1931 1468 misereberis
2044 1460 2045 1463 ,

173 1501 319 1577 lapidibus
347 1499 487 1572 templum
516 1497 575 1557 Deo
600 1505 777 1569 construere,
800 1497 849 1557 sed
879 1503 1028 1558 terrenum
1068 1503 1382 1570 conmmeatum.»

171 1590 268 1668 potins
292 1589 348 1649 sibi
369 1589 493 1649 dictabat
515 1588 673 1647 aediticium
700 1589 848 1649 fabricare.
876 1589 933 1650 Sed
963 1605 1028 1651 ecce
1104 1589 1177 1649 Ecce
1209 1590 1359 1663 audistis,
1387 1590 1494 1651 tratres
1520 1589 1705 1663 charissimi,
1733 1588 1805 1667 quia
1827 1595 1931 1666 gentes

172 1682 234 1757 jam
255 1680 334 1741 Dens
362 1680 479 1740 Petrum
505 1685 680 1751 nostrornm,
705 1679 783 1739 Deus
799 1678 969 1739 benedictus
995 1681 1028 1739 in
1067 1676 1152 1739 nobis
1182 1678 1303 1739 infestas
1335 1679 1443 1739 nostris
1469 1679 1604 1740 nranibus
1637 1679 1716 1741 Deus
1741 1678 1930 1755 omnipotens

173 1768 292 1841 secula,
306 1783 343 1828 ex
358 1767 483 1842 AEgypto
504 1781 566 1836 nos,
582 1767 612 1825 id
633 1772 676 1827 est
690 1767 726 1825 de
745 1766 872 1826 tenebris
887 1769 955 1827 vita
973 1784 1056 1850 re-lq
1068 1765 1195 1839 tradidit,
1208 1780 1316 1842 easque
1330 1766 1392 1843 jnm
1410 1783 1427 1826 a
1444 1767 1517 1828 iacis
1532 1774 1630 1828 nostre
1648 1768 1681 1827 in
1700 1783 1754 1828 sua
1766 1766 1927 1844 presidea-

172 1856 242 1917 teris
265 1856 354 1927 eruit,
373 1856 411 1914 de
431 1855 548 1914 vinculo
570 1856 729 1930 tyrannicas
749 1855 956 1917 dominationis
972 1857 1024 1917 ab·
1068 1852 1116 1912 tiae
1129 1852 1317 1928 dispositione
1335 1854 1453 1914 delevit
1471 1854 1528 1914 Cur
1547 1870 1616 1931 ergo
1628 1855 1766 1930 degeneri
1784 1854 1928 1929 languere

170 1945 375 2020 solebatque
394 1945 424 2002 in
445 1951 550 2003 terram
576 1960 629 2004 nos
654 1945 886 2021 repromissionis
905 1946 1027 2008 fideliter
1067 1941 1279 2018 torpescimus?
1293 1944 1352 2004 tlnr
1373 1944 1506 2004 collatam
1530 1944 1614 2006 nobis
1639 1944 1754 2006 retiam
1773 1943 1927 2004 victoriam

170 2033 344 2095 introduxit.
368 2032 488 2093 Terram
512 2049 639 2108 namque
667 2034 898 2110 repromissionis
925 2053 962 2095 ex
992 2052 1027 2096 eo
1066 2045 1125 2091 non
1147 2029 1330 2106 arripimus?
1351 2031 1410 2090 Cur
1428 2047 1464 2091 ex
1483 2046 1527 2103 eo,
1555 2032 1633 2109 quod
1656 2033 1688 2092 in
1715 2047 1842 2108 superno
1864 2031 1927 2107 iam

169 2123 230 2199 iarn
246 2123 368 2198 ingressi
390 2138 504 2193 sumus,
519 2139 628 2197 exque
645 2132 738 2198 spreto
754 2125 858 2186 mundi
871 2124 1024 2198 desiderio,
1065 2118 1202 2179 examine
1229 2120 1421 2180 constitutum
1448 2126 1512 2192 est,
1537 2120 1567 2181 id
1589 2120 1684 2181 solum
1709 2121 1787 2197 qnod
1809 2120 1849 2183 sd
1873 2137 1929 2182 nos

168 2215 263 2275 tirmae
278 2215 339 2289 spel
353 2215 491 2274 tldnciam
507 2216 538 2273 in
554 2214 714 2273 aeternitate
727 2214 898 2290 posuimus;
914 2222 943 2274 et
952 2212 1027 2272 394
1065 2210 1199 2286 pertinet,
1225 2225 1285 2269 non
1307 2208 1481 2285 implemus?
1505 2210 1580 2269 Nam
1603 2210 1628 2268 si
1651 2208 1744 2285 ipsam
1770 2209 1930 2272 verberim

165 2304 227 2379 jam
250 2305 282 2363 in
309 2320 359 2379 spe
375 2302 568 2379 possidemus.
588 2318 675 2376 qnam
698 2303 729 2361 in
748 2318 780 2362 re
801 2302 927 2362 habituri
948 2310 1025 2377 post·
1067 2300 1172 2360 seriem
1194 2305 1278 2359 caute
1292 2298 1511 2374 perpendimus,
1529 2298 1591 2373 jam
1615 2297 1693 2374 ipsas
1719 2304 1821 2373 gentes
1848 2298 1931 2375 apud

169 2394 289 2454 modum
306 2409 358 2468 per
369 2393 420 2452 Dei
433 2393 553 2466 gratiam
569 2406 682 2451 snmus.
695 2391 727 2450 ln
741 2391 937 2450 haeridelicet
952 2400 1028 2451 terra
1066 2388 1197 2448 divinam
1220 2390 1394 2448 sententiam
1416 2394 1572 2465 prostratas
1590 2387 1758 2463 aspicimus,
1781 2403 1856 2464 quas
1870 2388 1931 2465 ipsi

168 2481 228 2556 jam
253 2480 298 2541 illi
319 2496 370 2555 per
386 2482 446 2556 spei
465 2480 588 2554 gratiam
606 2478 762 2538 introducti
778 2479 903 2551 fuerant,
920 2480 1027 2555 quibus
1067 2488 1216 2554 pereutere
1241 2475 1356 2538 aseer
1372 2477 1625 2554 delerejubemur.
1650 2478 1725 2539 uum
1748 2477 1829 2539 enim
1855 2477 1932 2539 dici·

172 2569 276 2630 Petrus
295 2569 416 2629 aiebat:
443 2567 533 2627 «Vos
551 2574 650 2627 autem
669 2582 763 2639 genus
780 2567 915 2637 electum,
932 2568 1028 2643 regale
1068 2575 1142 2627 tur:
1166 2592 1180 2617 «
1195 2567 1267 2626 tium
1285 2566 1481 2627 introduxerit
1503 2574 1530 2629 te
1553 2566 1698 2628 Dominus
1715 2566 1792 2628 Deus
1817 2566 1849 2627 in
1873 2573 1930 2627 ter·

169 2659 373 2729 sacerdotium,
397 2674 469 2732 gens
490 2665 602 2730 sancta,
618 2657 744 2732 populns
762 2659 974 2734 acquisitionis,
994 2665 1029 2718 ut
1067 2672 1130 2716 ram
1158 2671 1248 2732 quam
1276 2671 1461 2731 possessurus
1497 2655 1693 2730 ingredieris,
1720 2662 1749 2716 et
1785 2655 1929 2716 deleverit

168 2749 292 2810 virtutes
305 2749 489 2810 annuntietis
502 2749 575 2823 ejus,
591 2747 644 2824 qni
657 2747 694 2807 de
708 2749 835 2809 tenebris
848 2764 899 2808 vos
915 2749 1028 2809 vomuit
1067 2752 1177 2820 gentes,
1195 2769 1205 2799 ι
1231 2753 1319 2822 atque
1349 2746 1436 2822 paulo
1464 2754 1528 2823 post
1551 2746 1686 2824 adjungit
1712 2767 1719 2807 :
1748 2774 1762 2799 κ
1776 2746 1927 2809 Percuties

169 2837 202 2897 in
217 2837 389 2896 admirabile
399 2837 501 2896 lurnen
511 2851 596 2897 suum
611 2839 633 2908 tl
644 2841 717 2894 Petr.
737 2839 805 2909 ul.»
1067 2852 1127 2911 eas,
1140 2856 1156 2891 s
1171 2836 1236 2897 luce
1255 2835 1363 2897 clarius
1380 2843 1502 2909 constat,
1521 2835 1591 2910 quia
1606 2836 1788 2897 adversarios
1810 2842 1928 2897 nostros

207 2926 263 2987 Sed
289 2926 360 3002 qnia
386 2925 418 2985 in
441 2926 516 2985 hanc
544 2929 667 2996 terram,
698 2925 771 2985 duce
797 2925 898 2987 diuina
924 2928 1028 3003 gratia,
1067 2924 1099 2985 in
1119 2941 1173 2986 sua
1199 2926 1383 3002 praescientia
1398 2927 1460 3002 jem
1474 2926 1659 3002 omnipotens
1675 2926 1755 2987 Deus
1769 2925 1925 2997 exstinxit,

171 3030 276 3078 ιιιιιι
301 3014 433 3090 ingressi,
449 3014 509 3090 J'am
531 3028 590 3074 non
607 3012 692 3073 nobis
713 3014 876 3076 vacandum
899 3023 942 3075 est
956 3016 1027 3087 otio,
1067 3028 1141 3089 quoe
1155 3029 1208 3075 nos
1221 3059 1229 3088 ,
1244 3021 1278 3074 ut
1291 3014 1558 3091 exstingueremus,
1572 3013 1711 3074 instituit.
1724 3014 1790 3091 lpse
1802 3019 1926 3091 pugnat,

167 3121 228 3168 non
255 3106 372 3182 torpori,
397 3104 443 3164 vet
466 3103 587 3165 desidiae
612 3105 728 3175 cedere
759 3120 818 3168 non
841 3121 954 3179 mnino,
979 3106 1026 3166 rel
1065 3110 1143 3185 ,etut
1164 3120 1218 3164 nos
1246 3105 1398 3166 vincamus
1416 3105 1535 3179 inuitat;
1550 3105 1612 3182 ipsc
1629 3105 1757 3167 hostium
1776 3106 1858 3168 sires
1873 3107 1928 3168 de·

167 3195 295 3256 ineante
313 3194 460 3256 ιιιιιιιιιι
480 3208 583 3254 sanum
599 3198 642 3254 est
654 3192 815 3268 indulgere.
831 3193 956 3270 Expedit
974 3196 1027 3256 ita·
1067 3194 1165 3266 struit,
1184 3200 1214 3253 at
1238 3194 1322 3255 nohis
1338 3194 1469 3256 victoriae
1492 3210 1600 3256 nomen
1622 3193 1751 3256 ascribit
1773 3194 1848 3258 Vult
1872 3211 1928 3259 nos

168 3298 226 3364 que
246 3292 279 3346 ut
302 3284 446 3345 ιιιιιιιιι
466 3281 556 3344 armis
576 3298 690 3359 semper
714 3283 845 3351 accincti.
872 3284 908 3344 ad
930 3291 1027 3345 custo·
1067 3285 1131 3345 fleri
1148 3299 1202 3344 sua
1218 3282 1327 3344 virtute
1344 3283 1489 3358 uictores,
1506 3292 1540 3345 ut
1555 3283 1657 3345 merito
1678 3298 1817 3346 coronare
1830 3285 1928 3346 salem

167 3373 246 3435 diam
265 3374 358 3434 nocui
374 3372 484 3449 jugiter
505 3372 707 3445 excubemus,
723 3380 751 3432 et
769 3373 909 3434 ιιιιιιιι
921 3374 1026 3435 imme·
1068 3372 1292 3448 triumphantes.

167 3462 307 3526 nissimoe
342 3462 440 3523 hostes
476 3468 589 3521 nosnos
618 3460 722 3520 acriter
755 3459 938 3522 dimicemus.
973 3461 1028 3521 Per
1103 3461 1259 3522 Nullanos
1273 3477 1342 3537 ergo
1357 3460 1518 3538 desperatio
1531 3462 1653 3537 frangat,
1668 3475 1743 3539 quos
1757 3461 1797 3522 ad
1810 3460 1926 3523 fortiter
2043 3464 2044 3501 l

168 3550 280 3612 bellurn
304 3566 434 3627 namque
452 3550 621 3626 pervenitur
639 3550 677 3609 ad
695 3565 805 3625 pacem,
826 3566 878 3625 per
897 3549 1026 3612 laborem
1066 3550 1213 3626 agendum
1248 3566 1384 3625 superna
1423 3551 1540 3612 virtutis
1577 3550 1739 3612 adhortatio
1776 3555 1925 3627 provocat.
2043 3566 2044 3591 ι

170 3640 313 3700 moritur
338 3640 375 3700 ad
402 3640 544 3716 requiem.
574 3638 639 3698 Non
664 3645 708 3698 est
730 3638 813 3729 enim
837 3638 901 3699 eine
929 3654 1027 3716 pugna
1067 3637 1153 3699 Nulla
1180 3638 1337 3699 intirmitas
1359 3640 1497 3699 humana
1520 3638 1695 3700 conditionis
1719 3637 1848 3710 obsistat,
1872 3637 1926 3698 uhi
2043 3628 2044 3661 ¹

170 3729 381 3800 victorianus
404 3730 515 3804 absque
538 3729 658 3791 victoria
680 3729 855 3805 pertingitur
880 3729 916 3789 ad
944 3744 1027 3791 coro-
1065 3729 1103 3811 ad
1128 3728 1344 3806 confligendum
1367 3729 1478 3790 dirinae
1499 3729 1639 3805 jussionis
1661 3728 1818 3790 auctoritas
1843 3726 1928 3789 rebe

170 3834 249 3880 nam.
266 3819 534 3880 Intestinosautem
549 3819 646 3880 hostes
662 3818 814 3889 habemus,
834 3835 902 3880 cum
917 3819 1027 3894 quibus
1066 3827 1119 3879 rat.
1145 3819 1308 3879 Audiamus
1328 3825 1357 3879 et
1380 3834 1433 3879 nos
1451 3819 1530 3894 quosl
1551 3818 1611 3879 illis
1633 3817 1742 3879 dictum
1767 3824 1833 3880 esta
1858 3837 1875 3872 ι
1891 3815 1926 3879 Si

168 3909 193 3968 si
206 3909 302 3985 perire
323 3908 473 3980 nolumus,
489 3907 719 3982 infatigabiliter,
739 3915 768 3967 et
790 3908 854 3967 sine
867 3907 929 3969 ulla
944 3923 1026 3983 pror·
1066 3909 1177 3970 dixeris
1191 3908 1222 3968 in
1236 3909 1389 3969 cordetuo
1405 3929 1412 3969 :
1434 3909 1537 3970 Plures
1551 3916 1620 3970 suut
1637 3916 1737 3986 gentes
1753 3907 1817 3968 ista
1832 3922 1927 3983 quam

168 4012 220 4059 ιιι
253 3997 471 4058 intermissione
503 4011 635 4071 pugnare
670 3996 884 4070 competlimur.
920 3995 1027 4058 Hostes
1064 4018 1139 4077 ego,
1153 4001 1411 4078 quomodopotero
1428 3999 1525 4063 delere
1540 4000 1613 4062 ms?
1635 4000 1695 4062 noli
1709 3998 1927 4071 metuere,ssd

168 4102 274 4164 nempe
293 4096 416 4157 nostros,
429 4088 586 4149 adversum
600 4102 674 4163 quos
688 4087 721 4146 in
741 4087 804 4147 acie
826 4102 941 4163 semper
952 4089 1025 4148 assi·
1066 4091 1216 4153 recordare
1228 4106 1297 4166 que
1307 4091 1407 4151 iecerit
1421 4090 1565 4153 Ιιιιιιιιι
1576 4092 1654 4155 Deus
1671 4098 1740 4153 tuas
1753 4089 1900 4151 Pharaoni
1916 4135 1926 4161 ,

169 4181 294 4251 stimus,
308 4178 495 4239 nonanobis
506 4177 648 4251 interjecti
659 4192 779 4253 aggeres
793 4176 949 4250 dividunt,
964 4192 1025 4237 non
1065 4180 1223 4243 etcuuctis
1240 4180 1393 4258 AEgyptiie,
1412 4180 1510 4257 plagas
1529 4182 1761 4258 maximasque
1786 4179 1928 4241 viderunt
2042 4208 2043 4243 ι

171 4268 283 4331 nroenia
295 4267 397 4327 turrita
408 4274 572 4337 ιιιιιιιιιι,
586 4282 646 4327 ιιι
661 4266 800 4341 protundi
817 4281 919 4326 amnes
933 4266 1026 4326 inter·
1065 4270 1145 4332 ocuti
1170 4271 1225 4343 tui,
1250 4276 1280 4329 ot
1299 4269 1384 4344 signe
1405 4277 1494 4345 atque
1513 4276 1653 4347 pertenta
1679 4284 1861 4345 manumque
1880 4284 1928 4330 ro

169 4358 276 4431 fluunt,
300 4373 360 4417 non
384 4359 523 4433 praerupti
546 4365 668 4428 montes,
689 4373 727 4417 ne
750 4357 885 4418 mminus
905 4372 1026 4431 congre·
1066 4362 1192 4432 nusum,
1210 4366 1239 4421 et
1254 4365 1406 4421 extentum
1423 4360 1587 4433 bachium,
1611 4367 1646 4424 ut
1662 4361 1798 4423 educeret
1813 4368 1842 4421 te
1863 4358 1926 4421 Do·

169 4448 297 4520 dicutur,
318 4446 475 4508 obsistunt.
496 4447 652 4509 Nobiscum
671 4452 878 4523 compereunt,
903 4445 974 4522 quia
993 4446 1022 4505 in
1068 4451 1169 4511 minus
1191 4450 1269 4511 Deus
1291 4456 1379 4520 luus;
1399 4449 1442 4511 sie
1465 4448 1551 4511 faciit
1572 4449 1686 4511 eunctis
1710 4448 1827 4526 populis
1847 4463 1928 4524 quos

168 4546 277 4603 nestra
292 4538 399 4600 ιιιιιιι
413 4538 612 4614 penetralibus
630 4538 752 4612 degunt.
768 4536 883 4615 Septem
897 4552 1025 4615 namque
1037 4510 1174 4602 ”metuis
1193 4543 1281 4612 (ιιοιι.
1302 4542 1365 4612 ιιι).
1380 4563 1394 4591 ι
1417 4538 1454 4600 Ut
1471 4537 1542 4615 quid
1562 4554 1631 4615 ergo
1654 4553 1693 4599 ex
1713 4546 1811 4601 nestra
1837 4538 1928 4601 intir-

170 4627 343 4706 principotia
366 4628 438 4688 ritis
462 4635 543 4699 eunt,
567 4643 605 4689 ex
625 4644 752 4703 quornm
775 4630 894 4703 vipereo
913 4629 1025 4689 ιιιιιιι
1066 4630 1167 4691 mirate
1179 4628 1352 4700 diffidimus,
1369 4627 1421 4703 qui
1442 4627 1542 4703 ipsum
1558 4626 1677 4691 vinum
1689 4635 1838 4689 auderem
1852 4641 1928 4702 prn-

168 4724 282 4779 aerea
295 4715 433 4777 vitiorum
447 4724 552 4791 pestes,
566 4715 652 4793 qnasi
667 4724 818 4778 venenate
831 4714 1027 4779 nibilominus
1067 4721 1149 4781 rium
1160 4734 1194 4779 ac
1204 4718 1310 4778 ducem
1324 4723 1430 4776 nostrie
1439 4715 1653 4790 congressionis
1664 4715 1817 4788 babemus,
1829 4723 1859 4776 et
1871 4714 1927 4779 illc

169 4805 283 4866 soboles
297 4807 444 4875 oriuntur,
461 4820 528 4880 qum
543 4805 684 4866 nimirum
700 4813 778 4876 sunt,
795 4803 942 4879 superbia,
957 4818 1025 4863 axa·
1067 4814 1181 4870 tanum
1197 4821 1235 4867 ex
1249 4802 1442 4881 promissione
1461 4803 1602 4875 victoria,
1616 4804 1671 4880 qui
1688 4804 1753 4865 dux
1776 4808 1806 4863 ιι
1821 4808 1926 4863 ιιιιιι

167 4894 244 4965 ιιιιι,
270 4893 369 4954 inante
390 4893 493 4969 gloria,
514 4895 568 4964 ira,
600 4893 724 4965 insidia,
744 4894 874 4965 luxuria,
899 4893 1024 4955 tristitia.
1067 4895 1246 4975 eetpugnoe?

163 4982 210 5044 -De
223 4982 333 5059 quibus
346 4997 400 5042 nos
410 4982 518 5043 idcirco
529 4982 842 5057 diligenterdisputare
852 4980 1025 5056 omittimus,
1103 4987 1284 5050 accendatur
1297 4984 1387 5061 igitur
1400 4999 1484 5046 mene
1508 4984 1540 5043 in
1558 4998 1688 5044 amorem
1703 4981 1880 5051 ιιιιιιιιιιι.
1895 4986 1928 5043 et

168 5073 240 5152 quia
264 5073 417 5150 plerosque
443 5072 516 5133 mcci
540 5078 705 5133 tractatores
725 5071 835 5148 eloquii
851 5071 1027 5148 multiplices
1068 5079 1100 5138 iu
1129 5092 1266 5153 campum
1294 5080 1479 5152 pugnaturus
1501 5073 1645 5149 procedat,
1673 5071 1709 5134 ad
1735 5071 1926 5134 debsthnrlos

168 5177 256 5238 snper
270 5163 317 5222 his
331 5159 485 5237 reliquisse
500 5161 659 5222 sententias
673 5160 852 5221 invenimus.
1069 5166 1195 5227 hostium
1216 5179 1326 5225 cuneos
1348 5162 1457 5223 resides
1479 5160 1574 5223 animi
1593 5160 1780 5222 incalescant.
1800 5160 1926 5223 Nullum

205 5252 267 5314 Hoc
291 5260 404 5313 ιιιιιιι
429 5266 509 5313 nunc
529 5253 675 5315 affirmare
695 5252 832 5323 sufficiat,
857 5252 927 5326 quia
944 5252 1028 5328 quis·
1068 5256 1145 5316 inter
1158 5268 1213 5314 nos
1225 5260 1313 5329 atque
1327 5249 1509 5311 adversaries
1521 5247 1618 5309 ledus
1632 5246 1828 5321 interveniat;
1841 5250 1927 5311 nulls

169 5342 237 5418 quis
248 5342 389 5403 adversus
407 5342 463 5402 ista
479 5342 653 5417 confligere,
668 5341 802 5416 quisquis
816 5340 879 5401 haec
893 5356 959 5403 cum
976 5341 1028 5402 Dei
1069 5359 1124 5405 nos
1134 5351 1292 5420 sequestra
1304 5340 1383 5415 pacis
1405 5341 1470 5415 iura
1491 5344 1678 5415 componant.
1693 5339 1758 5400 Non
1779 5339 1825 5400 ire
1839 5355 1925 5401 nam-

168 5428 312 5505 sdiutorio
334 5430 496 5507 neglexerit
518 5446 667 5506 superare,
692 5444 842 5506 nunquam
866 5431 897 5491 in
922 5429 1029 5491 militia
1068 5448 1125 5509 qne
1138 5433 1174 5495 ad
1189 5432 1325 5510 praelium
1339 5429 1497 5505 inglorium
1512 5437 1575 5500 eet;
1601 5429 1765 5502 ireunteru,
1780 5437 1811 5490 et
1825 5430 1926 5506 ιιςιι-

168 5520 293 5598 spiritali
319 5521 410 5582 vietor
432 5523 568 5593 existere,
593 5539 746 5598 nunquam
768 5523 806 5584 ad
829 5536 964 5585 comuste
986 5522 1029 5582 ri·
1069 5529 1112 5583 ter
1129 5537 1225 5598 agere,
1245 5519 1347 5583 mortis
1361 5526 1406 5579 est
1422 5518 1544 5581 omnino
1559 5516 1736 5594 mucetum.
1755 5516 1864 5583 llelius
1879 5524 1926 5579 ast

171 5612 271 5675 ctoriae
296 5612 399 5687 poterit
422 5613 572 5689 peruenire
593 5632 599 5673 :
621 5634 634 5667 ι
651 5612 714 5673 Non
733 5614 814 5674 eninr
833 5612 1028 5685 coronabitur,
1068 5612 1148 5675 esim
1167 5626 1227 5673 nnn
1240 5624 1393 5687 agnoseers
1408 5608 1488 5673 viem
1502 5605 1641 5682 veritatis
1657 5622 1746 5685 quam
1761 5615 1825 5684 post
1837 5606 1924 5683 agm-
