4100 6209
14 326 24 341 ·
121 308 191 377 luel
812 320 903 386 viru
923 326 954 386 s,
975 322 1182 391 aduolant.
1635 392 1643 407 .
1808 332 1879 411 lost

3 5731 11 6155 l

117 441 302 516 aliquatenus
316 442 509 503 transvadare.
528 442 668 521 Viqebanl
682 456 779 509 autem
793 466 831 508 ex
846 446 1145 526 aliquan-rideretur,
1173 464 1202 512 el
1229 456 1378 519 silentium
1405 472 1498 535 usque
1524 462 1562 523 ad
1587 456 1709 526 morem
1735 472 1875 548 ψῆνας

119 532 156 588 tis
175 530 318 590 castaneis
340 548 412 607 quas
435 550 533 594 secum
557 536 735 607 detulerant,
757 541 889 616 dumque
917 538 979 601 dies
1019 543 1154 606 instituit.
1175 546 1250 606 Saue
1269 548 1374 624 viginti
1398 552 1484 613 aunis
1507 560 1574 615 aute
1597 558 1686 617 tirreni
1709 560 1778 620 tilla
1800 574 1873 642 suae3

117 619 288 679 Dominieus
315 621 488 695 advenisset,
509 626 616 685 atalia
643 628 700 686 cibi
724 646 790 703 spes
819 630 899 689 uuila
916 631 978 704 jam
1019 632 1171 708 discipulis
1194 638 1256 696 suia
1278 640 1430 700 manifeste
1453 643 1636 718 praedixerat,
1660 649 1729 724 quie
1749 651 1783 711 iri
1799 654 1875 730 praa·

117 716 290 782 superesset,
311 720 458 786 coeperunt
479 715 580 775 iratres
598 718 747 790 pauculas,
767 735 834 795 quae
861 738 976 783 reman-
1018 724 1094 784 dicto
1114 729 1289 789 monasterio
1307 737 1450 804 oporteret
1469 742 1537 792 eum
1558 737 1716 812 quiemele,
1732 736 1875 822 nulleque

117 810 225 873 seram,
253 810 399 863 metaneae
425 805 591 879 deglubere,
616 813 645 867 et
676 809 735 882 iam
763 812 978 884 quodammodo
1017 820 1128 872 astante
1156 816 1202 874 vel
1220 818 1318 876 funeri
1336 820 1491 894 exsequias
1513 823 1704 900 dependente,
1724 832 1873 906 expediret

118 890 284 950 dubitantes
312 893 449 952 ultimum
475 910 513 953 ex
541 896 583 954 eis
607 898 774 957 munitum
803 916 975 975 praeparare.
1017 918 1086 963 eum
1114 906 1252 981 spiritum
1290 911 1437 971 erlraiare.
1466 914 1552 974 Facto
1579 917 1678 993 itaque
1703 922 1873 998 reclusorio,

118 978 299 1040 Remualdus
324 987 432 1053 autem,
445 990 479 1043 ut
501 991 562 1044 erat
583 1002 696 1062 semper
714 988 802 1049 alacri
825 992 920 1062 vultu,
941 996 977 1073 fif
1016 1010 1084 1055 cum
1099 1012 1183 1058 mens
1199 1003 1263 1075 ejus
1278 1003 1309 1061 in
1332 1016 1367 1062 eo
1385 1012 1469 1076 esset,
1482 1008 1514 1065 rit
1531 1020 1600 1069 mox
1618 1009 1731 1073 includi
1745 1014 1871 1094 deberet,

118 1068 220 1128 denter
241 1069 282 1128 ait
309 1070 387 1145 quia,
402 1072 458 1131 nisi
479 1074 555 1133 Deus
574 1075 630 1134 sibi
653 1092 757 1151 panem
775 1094 827 1152 per
850 1080 976 1154 aliquem
1017 1088 1104 1162 erepit
1124 1103 1229 1164 corpus
1252 1093 1315 1166 ejus
1337 1094 1430 1168 magis
1455 1096 1604 1175 magisque
1616 1100 1757 1166 molestiis
1775 1107 1874 1185 ingra-

117 1159 251 1231 mitteret,
273 1162 335 1236 ipso
355 1163 402 1221 die
424 1164 590 1226 nuliatenus
611 1169 809 1228 manducaret.
836 1170 976 1245 biseipuli
1016 1186 1184 1248 vescereet
1208 1176 1345 1242 deorsum
1367 1185 1428 1260 jaus
1455 1186 1536 1249 velut
1563 1207 1622 1252 non
1648 1190 1708 1255 tani
1732 1196 1873 1274 languore

118 1262 187 1308 vero
209 1251 348 1310 mirantes
365 1253 442 1312 inter
461 1271 501 1326 se,
517 1256 548 1314 in
570 1272 628 1331 qua
646 1273 696 1332 spe
719 1259 771 1317 ooo
791 1259 840 1317 ille
864 1274 976 1333 praesu·
1016 1280 1104 1340 quem
1124 1269 1261 1344 decrepiti
1281 1271 1465 1349 longevitate
1488 1281 1562 1339 senii
1587 1280 1742 1347 declinare.
1755 1286 1828 1349 Nam
1855 1286 1872 1352 ri

29 1410 33 1417 ι
116 1346 218 1408 meret,
245 1339 316 1399 certi
344 1348 438 1400 tamen
468 1343 537 1415 quia
560 1347 696 1420 magister
723 1350 839 1407 incaute
863 1349 976 1425 aliquid
1016 1357 1112 1416 medio
1126 1356 1185 1417 iere
1199 1375 1277 1419 anno
1289 1362 1379 1420 nimia
1391 1365 1447 1423 sibi
1461 1366 1603 1442 flegmatis
1612 1370 1790 1437 abundantia
1802 1386 1873 1439 oum

115 1441 222 1485 vovera
236 1442 296 1486 nou
309 1436 413 1502 posset,
428 1430 527 1490 cibum
539 1434 599 1507 jam
613 1441 700 1495 antae
712 1438 887 1497 solemniori
903 1454 975 1497 cou-
1015 1451 1079 1525 ipso
1093 1451 1154 1510 laest
1169 1452 1317 1525 pulmonis
1331 1471 1460 1516 marcore
1481 1458 1652 1534 deduxerat,
1667 1472 1695 1525 et
1707 1457 1792 1542 gravi
1803 1462 1872 1531 eud

115 1530 224 1589 muln
247 1524 396 1591 coeperunt
416 1520 589 1581 fiducialiter
611 1533 786 1598 siswilre·
813 1526 901 1586 Selii
920 1527 975 1599 igi-
1016 1539 1105 1599 tussis
1125 1540 1309 1601 anhelatione
1327 1546 1460 1605 vexabat.
1482 1548 1545 1608 Nou
1572 1554 1666 1611 amen
1688 1562 1805 1631 propter
1818 1548 1873 1618 iloe

117 1610 166 1663 tur
180 1605 238 1664 diei
252 1605 322 1664 hora
338 1606 399 1679 jam
414 1610 715 1685 propinquantesque
735 1622 791 1673 tres
807 1616 863 1673 viri
878 1617 976 1676 onusti
1015 1626 1063 1685 vir
1080 1635 1206 1699 sauctus,
1228 1630 1274 1689 vei
1298 1631 1371 1692 lecto
1392 1633 1576 1711 decumbere,
1602 1639 1648 1700 vei
1671 1639 1701 1700 iu
1725 1638 1870 1716 quantum

116 1697 328 1770 penestrina
342 1704 370 1757 et
383 1699 449 1759 aliis
468 1702 541 1761 cibis
553 1704 722 1771 adveniunt,
738 1707 788 1781 qui
806 1722 837 1767 se
855 1707 891 1766 de
909 1708 974 1767 ion·
1015 1714 1152 1787 possibile
1172 1725 1241 1790 erat,
1265 1721 1342 1780 soliti
1378 1725 1505 1799 rigorem
1540 1728 1646 1803 jejunii
1686 1724 1872 1810 acquieverat

114 1785 235 1861 pinquis
250 1789 380 1862 partibus
401 1805 468 1848 eum
489 1791 582 1850 multe
601 1793 697 1851 labore
717 1795 882 1867 pervenisse
899 1795 974 1864 (330)
985 1800 1157 1867 Brelaxare.
1173 1804 1303 1876 Quadam
1317 1809 1406 1883 igitur
1423 1812 1471 1872 die
1483 1814 1569 1889 coepit
1586 1811 1727 1889 paulatim
1744 1824 1872 1899 eorporis

115 1870 226 1933 dicunt.
249 1874 332 1934 Tune
358 1877 455 1952 itaque
474 1878 595 1952 spiritali
623 1896 725 1940 omnes
748 1881 849 1957 repleti
870 1882 976 1957 gaudio
1018 1890 1125 1948 virtute
1147 1892 1264 1953 destitui
1288 1903 1315 1953 et
1335 1897 1490 1971 ingruente
1512 1901 1643 1962 molestia
1664 1902 1785 1981 gratioe·
1804 1910 1873 1972 ratt-

117 1962 320 2025 beuediceutes
345 1966 450 2040 Deum,
468 1969 575 2041 pariter
595 1969 695 2029 eibum
719 1975 841 2030 sumunt
862 1978 889 2030 et
907 1972 976 2031 bea·
1016 1978 1090 2051 gari.
1105 1977 1551 2057 Soieitaquejamodoerasum
1570 2001 1718 2067 vergente,
1734 2002 1871 2077 praecepit

117 2059 179 2114 tam
199 2056 298 2117 virum
316 2074 367 2133 per
386 2059 594 2120 revelationem
618 2061 671 2119 troc
690 2060 804 2122 caelitus
822 2062 976 2137 agnovisse
1017 2064 1133 2127 duobus
1144 2068 1291 2130 'trabibus
1304 2074 1357 2148 qui
1374 2076 1516 2149 astabant,
1532 2080 1656 2143 utlaius
1669 2084 1796 2163 astillat,
1810 2086 1871 2151 del-

114 2141 498 2223 indubitauteraguoscunt.
899 2210 904 2218 ,
1017 2155 1088 2215 lulae
1114 2162 1176 2230 post
1202 2174 1233 2217 se
1250 2159 1371 2232 ianuam
1391 2163 1573 2242 clauderent;
1602 2171 1776 2237 oelebraturi
1803 2194 1872 2241 vero

402 2262 524 2322 flquT
555 2260 686 2323 vaffl,
1017 2243 1072 2304 sibl
1095 2246 1251 2307 matutinos
1267 2248 1393 2323 hymnos
1409 2252 1446 2311 ed
1463 2267 1531 2314 eum
1552 2256 1683 2321 diluotilo
1698 2258 1870 2330 remearent.

167 2351 206 2405 De
218 2354 294 2423 pisce
306 2353 356 2422 qm·
373 2355 499 2410 iuvemus
518 2358 558 2409 ὥς
577 2358 608 2410 in
628 2354 720 2409 mnu·
733 2355 793 2409 ,qvo
811 2352 918 2411 merim
1016 2333 1208 2436 Cilmqtiellli
1222 2335 1258 2394 de
1271 2339 1335 2437 ejlls
1349 2338 1408 2399 ilne
1421 2340 1535 2402 solliciti
1551 2345 1634 2406 vellii
1644 2346 1730 2411 inisti
1744 2353 1871 2431 timui,

464 2425 623 2484 ltomuoldi.
1018 2436 1076 2481 uon
1094 2428 1189 2482 satim
1206 2424 1243 2483 ad
1261 2424 1469 2500 qaresoeutium
1489 2440 1654 2508 properant,
1678 2434 1728 2499 led
1750 2442 1789 2502 ne
1807 2454 1872 2505 ma.

152 2504 281 2581 Quodam
302 2520 428 2589 tempore
454 2517 534 2575 venit
562 2518 608 2576 vir
634 2515 809 2576 venerabilis
836 2512 974 2590 sytriam.
1015 2512 1141 2587 gramm
1167 2514 1249 2575 obire
1273 2517 1452 2593 contingeret
1475 2523 1574 2597 anxii,
1597 2524 1714 2599 pretiosi
1741 2531 1871 2595 ibelim

115 2592 173 2669 Oui
194 2614 261 2660 cum
279 2600 375 2661 adbuc
393 2602 514 2679 jejunus
530 2610 613 2675 esset,
633 2610 662 2663 et
685 2604 787 2663 iratres
807 2598 840 2664 ui
855 2612 921 2679 pote
944 2606 974 2663 in
1017 2603 1159 2664 utentum
1184 2620 1273 2682 prope
1299 2608 1435 2669 cellulam
1462 2608 1583 2675 latentes
1610 2610 1775 2680 essunt.
1804 2600 1871 2683 in·

114 2689 213 2749 arduis
235 2690 383 2751 montibus
405 2693 524 2769 piscem,
541 2710 628 2771 quem
648 2694 675 2753 ei
698 2693 734 2754 ad
763 2693 975 2754 comedendum
1014 2694 1146 2769 quaudiu
1160 2695 1250 2770 igitur
1267 2704 1489 2774 mmmoranles,
1506 2712 1576 2764 oum
1595 2704 1731 2785 diiunctis
1749 2706 1872 2776 Motis

113 2782 297 2852 apponerent,
322 2795 382 2840 non
407 2780 556 2854 haberent,
578 2790 728 2857 cmperunt
753 2782 830 2842 inter
853 2799 885 2843 se
902 2794 973 2859 quo·
1014 2781 1136 2842 auribus
1153 2784 1291 2845 attentius
1304 2782 1515 2862 auscultarent,
1530 2798 1559 2852 et
1571 2806 1666 2870 neque
1678 2800 1793 2860 motuni
1804 2812 1870 2863 oor'·

114 2865 268 2926 dammodo
286 2870 401 2930 conlusi
418 2871 595 2943 erubescere,
609 2878 637 2930 et
652 2871 722 2946 quid
745 2887 797 2946 pro
811 2877 870 2930 tam
885 2886 974 2931 vene·
1014 2870 1102 2944 peris,
1118 2886 1213 2946 neque
1228 2886 1333 2933 sunum
1353 2877 1432 2936 rucis
1453 2878 1600 2953 audirent,
1617 2884 1679 2959 iam
1702 2887 1780 2962 quod
1803 2890 1869 2952 eve‘·

115 2954 199 3014 rabili
221 2958 331 3029 hospite
353 2961 502 3034 acquirere
528 2961 704 3036 patuissent,
723 2962 811 3020 auxie
834 2962 971 3036 cogitare.
1015 2966 1097 3019 uerat
1119 2962 1260 3020 veraciter
1278 2963 1436 3039 opinantes,
1457 2967 1585 3043 impulsa
1605 2972 1707 3048 Janrr‘a,
1731 2976 1870 3042 velociter

113 3041 196 3102 Tune
220 3046 306 3104 irater
327 3048 459 3119 quidam,
483 3056 553 3124 pulo
578 3049 722 3109 divinitus
747 3050 916 3125 inspiratus,
937 3050 973 3109 ad
1013 3048 1141 3121 irruunt,
1156 3048 1441 3126 lumenacoeuduut,
1459 3060 1487 3114 et
1502 3056 1586 3117 beata
1602 3060 1702 3122 anima
1715 3066 1747 3124 in
1760 3064 1868 3130 emittm

112 3132 221 3191 siccum
243 3150 317 3209 pene
341 3136 448 3208 rivum,
465 3139 517 3212 qui
541 3140 626 3213 juxta
651 3138 873 3211 praeterfluebat,
901 3142 1101 3223 cumorapta,
1123 3138 1263 3211 supinum
1286 3139 1382 3211 jacere
1406 3151 1541 3203 sanctum
1559 3146 1681 3209 cadauer
1698 3148 1867 3218 inveniunt.

113 3222 298 3283 festinatione
311 3227 449 3298 cucurrit,
464 3228 515 3286 ubi
531 3229 672 3287 nimirum
688 3237 716 3286 el
728 3244 814 3303 aquae
828 3229 968 3301 exiguum
1012 3222 1128 3282 lacebat
1147 3225 1246 3299 itaque
1268 3227 1348 3285 vellii
1370 3230 1500 3303 neglecta
1520 3239 1589 3293 tunc
1611 3236 1739 3299 ooelestis
1752 3250 1867 3325 marga-

113 3317 189 3383 ,m3
208 3313 296 3386 piscis
310 3330 379 3373 ,em
397 3316 459 3374 ,pic
475 3318 555 3376 ,psus
569 3333 722 3391 „unquam
736 3319 852 3391 ponitus
868 3320 970 3377 ruerat,
1013 3311 1079 3383 rita,
1094 3314 1124 3372 in
1141 3315 1249 3373 summi
1263 3318 1445 3389 postmodum
1458 3321 1535 3394 regis
1553 3326 1692 3385 erarium
1706 3328 1865 3415 honorilice

114 3399 205 3474 doepit
221 3401 318 3476 itaque
337 3403 424 3462 irater
447 3405 537 3463 Deum
564 3403 666 3461 devote
686 3402 849 3476 deposcere,
869 3412 901 3464 ut
921 3405 971 3481 qui
1013 3404 1187 3477 reponenda.
1205 3405 1351 3465 Nimirum
1370 3408 1421 3482 qui
1437 3408 1572 3486 sicubiil,
1591 3418 1868 3490 depraedarentur

114 3485 271 3547 israelitico
286 3491 393 3564 populo
415 3506 520 3566 aquam
542 3490 635 3563 potuit
660 3506 696 3549 ex
716 3489 795 3548 arida
811 3499 890 3565 petra
904 3509 971 3567 pro·
1013 3493 1147 3552 transivit
1167 3511 1225 3568 quo
1242 3497 1376 3570 speravit.
1398 3497 1481 3559 Viuit
1503 3511 1602 3565 autem
1620 3508 1667 3567 vir
1681 3508 1867 3578 beatissimus

114 3574 218 3634 dueere
244 3582 336 3645 (Num.
357 3592 420 3650 xa;
445 3583 535 3639 Eeod
560 3583 645 3653 avil),
669 3580 730 3653 ipse
758 3579 813 3638 sibi
844 3582 974 3655 dignare
1012 3590 1130 3642 centum
1146 3585 1248 3658 viginti
1266 3584 1499 3660 482auuis,ex
1514 3594 1866 3678 quibustiqintiexpeus

115 3664 163 3723 tur
182 3667 289 3738 pisoem
311 3670 343 3727 in
361 3672 456 3730 arenti
474 3671 569 3731 rivulo
588 3673 794 3734 demonstrare.
812 3673 970 3734 Confestim
1011 3671 1055 3729 tll'i
1072 3672 1102 3729 iti
1125 3674 1242 3747 soeouiti,
1263 3680 1321 3736 ties
1340 3677 1428 3737 duxit
1448 3680 1479 3738 ill
1504 3688 1688 3759 dionesiet’io,
1708 3692 1866 3768 uonagma

115 3756 215 3831 igitur,
240 3759 329 3819 misse
355 3777 445 3822 manu
471 3762 503 3821 in
530 3764 637 3839 exigua
661 3784 749 3842 aqua,
768 3762 839 3822 481
863 3767 971 3842 piscem
1012 3764 1120 3833 septem
1139 3761 1168 3818 in
1183 3763 1332 3824 θΓθῐΠῙῑῘθθ
1348 3768 1655 3846 trau'seqitproposiro.
1677 3774 1761 3863 Nun?
1776 3780 1867 3855 igliur

115 3844 230 3919 reperit,
251 3849 302 3922 qui
326 3849 408 3909 beato
429 3853 493 3911 viro
519 3853 552 3912 ad
580 3855 766 3916 reiectionem
789 3858 973 3917 abundanter
1011 3847 1088 3905 inies
1105 3849 1187 3907 ViVOS
1205 3852 1329 3912 Cffllessiii
1349 3854 1532 3918 Hierusalem
1553 3859 1662 3934 lapidi*
1679 3864 1866 3935 isseffdhfliltt

115 3931 247 3995 sufficere
272 3940 374 4010 potuit.
401 3939 460 4000 Deo
485 3942 593 4002 scilicet
620 3961 778 4006 servosne
805 3949 971 4021 providente
1011 3938 1866 4022 rutilii,011111iiissliisbeawillfflsslli'fflilllfflfflfflilmi*

114 4022 294 4097 convivium,
309 4026 464 4087 inventum
478 4038 521 4089 est
540 4032 569 4090 iu
588 4048 692 4093 mnaso
714 4042 742 4092 et
760 4035 840 4093 aride
861 4042 969 4105 monte,
1011 4032 1062 4098 idi,
1087 4029 1294 4091 candidissima
1317 4031 1390 4092 ⁸10¹³
1413 4035 1639 4099 ifflfflffl'lllliiiifl
1664 4043 1806 4118 induitur.
1836 4059 1865 4109 θῑ

115 4111 198 4171 velun
221 4115 253 4173 in
274 4116 384 4189 piscoso
403 4120 489 4192 valle,
512 4120 669 4181 vivarium.
690 4122 745 4182 Sed
768 4125 837 4197 quia
856 4124 892 4181 de
910 4122 970 4181 vita
1009 4115 1322 4194 ebiowrogertgom
1332 4121 1865 4203 vibrantemperpetuumdiademate

115 4199 191 4259 beati
210 4202 267 4262 viri
286 4205 359 4279 baec,
375 4224 442 4283 quse
463 4210 602 4269 nimirum
617 4227 707 4285 pauca
726 4212 761 4271 de
781 4212 881 4272 multis
895 4211 970 4270 dicta
1009 4212 1173 4265 wwssalur·

116 4295 195 4362 sunt,
209 4293 574 4375 sufficerecredimus,jam
587 4300 623 4358 ad
634 4301 787 4360 transitum
804 4301 966 4361 veniamus.
1323 4300 1452 4379 CAPUT'
1466 4320 1554 4382 Lxx,

408 4409 529 4469 CAPUT
564 4412 665 4471 Lm,
1064 4406 1277 4464 Dedmnonr‘eee
1291 4413 1516 4480 perparorum
1530 4417 1687 4489 eilidiejrsr
1700 4431 1810 4486 emto,

364 4483 403 4536 De
420 4487 539 4539 transeo
560 4486 716 4542 Romaaldt.
975 4525 1001 4584 D
1048 4494 1114 4555 Post
1125 4498 1353 4556 sacratissimum
1366 4508 1462 4560 autem
1480 4505 1538 4562 riri
1551 4508 1724 4569 venerabilis
1736 4512 1860 4590 obitum,

153 4566 202 4627 Vir
216 4568 341 4645 denique
355 4581 472 4634 sanctus
483 4590 536 4649 per
554 4575 645 4635 mulla
662 4575 718 4634 alia
739 4574 880 4633 habitavit
895 4574 968 4649 ioca,
1011 4592 1120 4659 quanta
1134 4585 1343 4645 miraculorum
1358 4588 1440 4661 signa
1455 4604 1507 4663 per
1520 4606 1588 4652 eum
1601 4595 1679 4655 Deus
1693 4600 1860 4676 ostenderit,

114 4656 207 4716 multa
232 4659 289 4718 alia
312 4662 456 4735 praecipue
476 4680 494 4721 a
513 4663 574 4722 suis
590 4663 742 4739 discipulis
755 4680 907 4739 perpessus
927 4670 969 4722 est
1009 4672 1076 4745 quis
1090 4679 1200 4746 quaeret
1216 4680 1357 4732 transacta
1374 4674 1479 4749 legere,
1502 4694 1569 4738 cum
1589 4682 1756 4757 frequenter
1769 4689 1863 4749 valeat

114 4746 202 4817 mala,
221 4748 303 4821 plura
324 4766 440 4827 quoque
462 4769 513 4826 per
537 4770 604 4813 eum
631 4764 702 4813 suut
721 4757 794 4813 facta
817 4754 968 4824 miracula,
1009 4767 1125 4818 etuova
1139 4758 1259 4819 rideret
1272 4759 1345 4830 Quia
1360 4762 1450 4837 igitur
1469 4781 1503 4824 ea
1520 4782 1586 4843 quae
1602 4771 1678 4845 apud
1693 4775 1861 4849 sepulcrum

4 4831 5 4918 p
114 4849 182 4909 quae
206 4853 258 4896 uos
275 4838 435 4900 describere
457 4843 522 4901 ideo
541 4846 800 4917 praetermittimus,
816 4847 885 4920 quia
909 4845 970 4905 lon-
1009 4848 1073 4923 ejus
1092 4847 1179 4917 liunt,
1194 4849 1334 4908 miracula
1354 4857 1432 4910 unta
1454 4863 1533 4929 sunt,
1550 4864 1582 4916 ut
1598 4860 1705 4921 meiius
1724 4871 1863 4937 putemus
1930 4903 1933 4909 ·

113 4925 203 4999 gioria
218 4927 284 5002 styli
304 4930 498 5003 prolixitatem
517 4930 653 4992 vitamus.
674 4935 739 4993 Post
758 4944 860 4994 cuncta
881 4935 970 5010 igitur
1009 4943 1113 4994 cuncta
1133 4936 1248 4996 silentio
1268 4940 1416 5011 praeterire
1434 4957 1520 5016 quam
1541 4960 1633 5019 pauca
1652 4965 1785 5025 narrare3
1805 4955 1864 5015 duo

115 5014 325 5077 habitationum
351 5036 473 5080 suerum
498 5020 570 5089 loca,
598 5038 664 5081 eum
687 5023 748 5097 jam
768 5025 857 5083 linem
882 5041 967 5083 suum
1010 5026 1202 5095 solummodo,
1218 5044 1284 5101 quae
1302 5044 1354 5102 per
1369 5032 1505 5092 eumdem
1526 5035 1728 5100 beatissimum
1749 5045 1864 5105 coufes-

114 5104 269 5165 imminere
306 5111 492 5184 conspiceret,
530 5112 645 5170 tandem
691 5114 726 5171 ad
761 5116 968 5173 monasterium
1010 5133 1103 5177 sorem
1134 5116 1205 5176 alibi
1228 5118 1301 5177 iacta
1338 5129 1416 5194 sunt,
1444 5120 1566 5185 sufficiat
1592 5129 1677 5189 nubis
1706 5147 1862 5208 exponere.

113 5195 191 5268 qued
213 5196 244 5254 iu
264 5196 344 5257 Velie
360 5199 395 5257 de
412 5200 510 5259 Castro
533 5210 744 5272 construxerat,
759 5203 854 5273 rediit,
870 5204 969 5277 ibique
1010 5205 1144 5281 Denique
1173 5208 1259 5265 irater
1279 5208 1408 5281 quidam,
1435 5212 1486 5286 qui
1507 5216 1598 5275 sancti
1621 5218 1678 5277 viri
1701 5221 1863 5298 discipulus

114 5283 356 5358 propinquantem
369 5288 482 5347 obitum
496 5289 697 5349 indubitanter
716 5296 895 5364 exspectaus,
914 5293 971 5350 cei·
1010 5296 1113 5367 iuerat,
1127 5313 1246 5371 parram
1264 5299 1414 5359 basilicam
1433 5319 1485 5376 pro
1504 5305 1602 5367 anima
1617 5325 1670 5368 sua
1689 5317 1864 5379 monasterie

114 5368 172 5430 lam
192 5373 247 5432 sibi
266 5391 334 5436 cum
352 5379 476 5438 oratorie
495 5378 564 5454 (toll
581 5379 730 5453 aedificari,
753 5381 783 5439 in
797 5396 856 5454 qua
875 5382 970 5441 reela·
1010 5385 1137 5459 dederat,
1151 5385 1187 5445 ad
1207 5401 1295 5461 quem
1321 5387 1455 5451 videlieet
1480 5392 1627 5457 basilicam
1650 5403 1863 5466 extremitatem

145 5546 213 5630 ooo)
226 5563 339 5626 intrem,
351 5567 503 5632 palenoso
520 5566 558 5619 au
575 5580 629 5622 eo.
946 5623 964 5653 ,ἡ
1010 5566 1072 5622 suu
1083 5568 1162 5628 arola,
1174 5574 1226 5633 per
1237 5564 1350 5623 miliare
1361 5564 1602 5631 stellariorum
1613 5566 1864 5654 caliditatis,

145 5631 213 5698 (ool)
230 5632 254 5685 8.
270 5633 356 5689 oium
372 5636 439 5690 lllud
455 5637 608 5700 dedicasse,
624 5634 697 5690 unm
710 5640 738 5692 et
751 5638 861 5692 eremus
875 5639 900 5690 s.
917 5637 973 5691 ola
1009 5639 1145 5693 nebeten·
1665 5684 1670 5695 .
