4100 6209
226 272 282 334 383
488 273 518 334 S.
538 272 650 333 PETRI
668 272 830 332 ululatu
849 268 928 332 OPP.
952 269 1047 332 PARS
1068 269 1138 333 SEU
1156 269 1283 331 bouus
1302 272 1329 332 Ι.
1351 302 1384 315 -·
1402 269 1521 331 urts‘l.
1545 269 1617 330 um.
1639 269 1719 329 vul.
1926 275 1979 336 ast

228 404 306 469 runt,
328 397 378 469 ait,
403 397 529 458 liliorum
555 396 643 455 israel
665 402 792 455 trecenta
818 395 932 454 millia:
952 396 1289 461 virorumAsanetaruru
1303 394 1438 455 fortitudo
1452 393 1620 455 virtutum?
1633 392 1801 468 quidotiam
1816 411 1865 470 per
1873 404 1980 471 restes,

226 494 324 549 auteur
343 486 417 546 Juda
439 483 554 559 triginta
575 483 667 545 millia
683 486 706 557 (l
722 488 788 555 nep.
805 487 857 557 xil.
873 511 884 535 ι·
901 485 1083 546 Millenarius
1124 483 1180 543 nisi
1203 485 1361 545 sanctitatis
1380 484 1554 558 intelligitur
1578 484 1809 545 indumentum?
1830 485 1981 549 Psalmisu

226 581 432 650 autem,atune
457 572 604 644 denarius,
620 573 688 646 quia
716 574 835 648 perlecti
862 579 930 634 sunt
958 576 1082 647 numeri,
1123 574 1301 648 perhibente,
1316 576 1367 650 qui
1390 575 1449 634 ait:
1469 573 1664 633 «Sacerdotes
1689 574 1733 634 tui
1753 575 1917 638 induantur
1931 580 1983 655 ju·

226 673 391 726 sauctorum
415 662 641 737 perlectionem;
661 664 777 722 trecenti
801 679 868 722 vero
887 664 931 722 vel
954 665 1080 738 triginta,
1124 661 1231 721 stitiam
1246 664 1327 735 (Psol.
1345 666 1462 733 cxxxi).
1480 682 1494 715 l
1512 661 1616 721 Hauon
1639 677 1709 737 ergo
1730 663 1826 724 loedus
1844 666 1982 726 amicitia

227 752 413 827 ouiatribus
425 751 571 820 oriuntur,
582 749 889 825 divinamsiguilrcant
900 752 1082 812 trinitatem.
1123 752 1338 825 reposcentibus
1360 753 1485 812 mediam
1512 751 1731 827 barbaeparlem
1744 754 1981 830 ruditquiaho·

226 840 302 911 Quid
325 839 422 913 itaque
440 851 492 910 per
514 843 637 896 trecenta
661 837 765 910 millia,
781 838 825 899 rel
850 839 966 913 triginta
991 840 1083 900 millia
1104 840 1174 898 ·stis
1191 841 1329 915 antiquus
1343 841 1501 916 aliquando
1528 839 1639 900 lortiter
1660 841 1806 915 operantis
1819 844 1911 903 robur
1924 844 1981 903 im-

227 930 409 1002 bellatorum,
424 928 480 989 uisi
503 929 595 989 sancti
615 929 745 989 doctores
764 931 969 1004 intelliguntur
983 931 1083 991 Eccle·
1123 930 1250 1003 minuit3
1278 931 1327 990 sed
1347 942 1500 1007 postquam
1525 931 1646 993 barbam
1673 931 1754 1003 rasit,
1776 932 1863 993 etiam
1890 938 1980 994 vesti·

227 1020 288 1090 siae,
304 1018 356 1095 qui
369 1017 467 1076 etlide
481 1024 549 1077 sunt
564 1017 728 1089 orthodoxi,
742 1025 769 1077 et
783 1019 932 1093 religionis
946 1021 1083 1092 operibus
1122 1026 1218 1079 menta
1246 1020 1402 1094 praescidit,
1428 1021 1497 1096 quia
1527 1037 1597 1081 mou
1625 1027 1658 1080 ut
1685 1021 1833 1094 malignus
1860 1022 1981 1098 spiritus

227 1107 442 1167 consummati?
455 1104 527 1164 Cum
544 1105 589 1164 his
602 1121 669 1179 ergo
690 1105 759 1165 Saul
783 1108 899 1166 hostiles
915 1108 991 1182 regis
1008 1108 1084 1167 Naas
1122 1109 1290 1171 interiorem
1314 1112 1415 1171 adimit
1441 1112 1654 1178 tortitudinem,
1667 1120 1880 1187 moseouenter
1891 1113 1980 1174 etiam

226 1197 303 1257 acies
329 1201 456 1270 superat,
478 1195 546 1269 onia
574 1210 641 1254 cum
668 1195 836 1256 doctoribus
860 1196 996 1257 scelesta
1020 1213 1083 1257 suae
1122 1200 1296 1260 exteriorem
1314 1201 1722 1275 conspicuaeconversauonis
1738 1201 1822 1260 cruit
1841 1203 1981 1262 honesta·

227 1285 359 1346 Christus
373 1287 410 1345 de
425 1285 567 1345 veternosi
584 1287 726 1360 serpentis
740 1294 856 1346 versuta
871 1289 1083 1348 machinatione
1122 1295 1189 1347 tenu
1206 1289 1282 1359 Quid
1295 1298 1337 1349 est
1355 1291 1433 1350 enim
1455 1298 1548 1350 vestes
1568 1290 1720 1349 hominum
1740 1290 1775 1347 ad
1795 1296 1876 1349 natas
1886 1307 1981 1366 nsque

226 1376 396 1449 triumphat.
412 1375 484 1435 Nam
501 1392 568 1435 cum
590 1391 690 1435 eorum
716 1378 928 1452 praeoptaret
948 1379 1082 1454 exempla
1121 1379 1322 1452 praescindere,
1336 1380 1395 1438 nisi
1406 1395 1483 1439 ensa
1497 1379 1672 1453 superducto
1682 1378 1847 1438 velamento
1857 1379 1981 1453 iustitias

227 1464 373 1525 subtiliter
401 1465 601 1537 attenduntur,
626 1481 696 1524 mox
721 1468 806 1526 corda
835 1469 985 1542 torpentia,
1015 1484 1082 1545 qna
1121 1467 1261 1539 usquead
1276 1467 1404 1527 obscoeni
1418 1475 1445 1527 et
1458 1467 1647 1527 inverecundi
1660 1465 1755 1542 operis
1769 1467 1981 1541 turpitudinem

222 1554 286 1628 jam
309 1553 417 1612 noxius
450 1559 529 1628 lepor
556 1554 723 1626 invaserat,
750 1555 930 1614 recalescunt
956 1581 963 1613 ι
989 1562 1017 1615 et
1045 1557 1081 1616 ad
1121 1555 1417 1618 denudaretnuuiat
1432 1556 1703 1630 hocdndreas,qui
1720 1571 1811 1629 nuper
1825 1554 1981 1615 decontra·

226 1644 443 1703 obtruncandas
467 1645 703 1718 impugnantium
730 1644 867 1706 vitiorum
895 1647 972 1705 acies
1002 1646 1082 1706 velut
1122 1642 1223 1703 bornio
1236 1652 1340 1705 restrae
1356 1646 1514 1706 sanctitatis
1532 1645 1692 1718 egrediens,
1708 1659 1775 1707 cum
1793 1643 1980 1703 Ammonita-

226 1735 301 1794 elato
329 1749 467 1794 mucrone
489 1735 609 1809 spiritus
631 1736 838 1796 inflammatur.
858 1737 941 1796 Unde
969 1743 996 1795 et
1023 1737 1187 1825 ipsiBrum
1215 1748 1282 1807 rege
1306 1733 1403 1792 foedus
1430 1733 1566 1793 amicitiae
1593 1731 1739 1804 contulit3
1767 1739 1795 1790 et
1825 1748 1905 1793 nunc
1932 1748 1980 1807 per

224 1823 376 1882 bellatores
398 1823 497 1893 Israel,
515 1830 543 1881 et
563 1824 641 1884 luda
662 1825 784 1895 nuntiis,
805 1825 856 1900 oui
878 1827 913 1885 ad
938 1841 968 1884 se
994 1821 1081 1884 veut·
1123 1821 1254 1881 Romana
1269 1822 1378 1882 moerria
1394 1821 1737 1898 tanquamrasusbarba,
1750 1822 1982 1881 etdetruncatus

224 1918 300 1984 rant,
314 1911 416 1972 dicunt
432 1935 437 1970 :
456 1933 470 1965 n
486 1910 533 1971 Sic
558 1912 659 1971 dicetis
685 1914 767 1984 viris,
783 1915 834 1987 oui
850 1920 920 1974 sunt
942 1915 972 1973 in
995 1914 1081 1973 labes
1122 1910 1235 1984 habitu,
1255 1928 1314 1972 non
1329 1914 1393 1972 sine
1408 1912 1498 1973 llarid
1513 1912 1625 1986 pudore
1640 1912 1786 1971 discurrit.
1811 1911 1943 1971 badiant
1954 1916 1980 1969 st

225 1998 354 2059 Galaad:
379 1999 448 2057 Cras
473 2001 527 2058 erit
552 1999 635 2058 vobis
659 2000 737 2059 salus
764 2016 829 2059 cum
860 2001 1014 2060 incaluerit
1037 2001 1080 2059 sol
1122 1999 1155 2069 ii,
1172 1999 1224 2073 oui
1244 2001 1359 2073 prodire
1378 2002 1506 2061 fortassis
1520 2002 1616 2060 adhuc
1628 1999 1660 2059 in
1673 2000 1826 2075 publicum
1839 1998 1980 2073 concupi·

224 2088 327 2159 (liridi.
345 2087 1080 2163 »Namcunrmensperdesidiamprimitustabe·
1123 2094 1228 2159 scunt,
1259 2104 1296 2148 ue
1321 2090 1392 2149 dum
1419 2089 1519 2149 inania
1554 2104 1670 2149 cernere
1707 2088 1806 2147 liberis
1828 2087 1979 2148 obtutibus

224 2176 308 2248 teca,
323 2183 351 2235 et
369 2178 430 2250 iam
445 2176 476 2234 in
491 2192 652 2236 sereversa
666 2179 701 2237 ad
717 2179 881 2239 conditoris
901 2180 946 2239 sui
966 2180 1079 2239 deside·
1122 2173 1247 2247 inhiant,
1260 2176 1397 2236 dextrum
1420 2177 1615 2249 oculum,hoc
1637 2182 1680 2235 est
1699 2177 1761 2234 vim
1781 2175 1894 2234 iutimae
1910 2190 1980 2235 oon·

223 2262 303 2324 rium
323 2265 574 2324 recalescitzcum
595 2273 738 2341 torporem
759 2267 944 2343 negligentias
962 2267 1078 2340 deserit,
1123 2265 1316 2339 temptationis
1338 2267 1535 2341 exstinguant.
1563 2267 1622 2326 Nec
1647 2266 1760 2340 pruriat
1783 2281 1885 2325 eorum
1913 2267 1981 2340 gula

223 2358 251 2415 et
276 2353 370 2427 frigus
407 2355 641 2414 insensibilitatis
677 2357 809 2430 pristinae
843 2360 960 2417 flamma
988 2358 1079 2417 saneti
1122 2368 1189 2413 curu
1216 2353 1266 2413 illo
1288 2354 1396 2415 carnali
1420 2355 1510 2415 Israel
1533 2356 1693 2429 (liumus),
1714 2360 1981 2429 porros‚cepas,et

223 2442 332 2502 amoris
352 2444 490 2515 accendit,
508 2451 576 2503 tunc
594 2445 674 2504 velut
698 2447 890 2507 incalescente
907 2446 977 2516 sole,
992 2448 1080 2506 victo·
1121 2441 1332 2517 allia,quarum
1343 2445 1476 2505 videlicet
1486 2444 1640 2505 herbarum
1649 2445 1809 2504 vehemens
1818 2443 1982 2504 acrimonia

222 2531 267 2589 ria
280 2531 316 2590 de
327 2531 458 2593 hostibus
477 2535 612 2605 sumitur,
628 2543 656 2593 et
669 2535 783 2595 obsessa
798 2538 900 2596 civitas
912 2537 948 2595 de
961 2535 1079 2610 superbi
1121 2530 1219 2589 oculos
1233 2532 1336 2603 turbat,
1347 2540 1374 2591 et
1386 2531 1421 2590 ad
1433 2533 1574 2607 lacrymas
1587 2541 1723 2606 provocat
1735 2551 1742 2592 ε
1754 2533 1822 2608 quia
1834 2533 1980 2592 nimirum

222 2618 299 2693 regis
315 2620 451 2681 manibus
466 2622 613 2681 liberatur.
634 2623 711 2683 Hinc
725 2632 767 2683 est
781 2625 859 2700 ouod
877 2627 912 2685 de
931 2626 1078 2684 Abrabam
1121 2620 1268 2679 saeculmb
1292 2622 1375 2691 actio,
1394 2621 1465 2680 dum
1484 2621 1586 2681 multis
1610 2635 1813 2696 pressurarum
1832 2621 1981 2696 angustiis

223 2708 363 2782 scriptum
383 2715 447 2767 est:
466 2731 480 2765 a
499 2709 573 2781 Quia
594 2713 726 2785 apparuit
749 2713 775 2771 ei
800 2713 943 2773 Dominus
960 2714 990 2772 in
1008 2729 1077 2772 con-
1119 2707 1334 2781 stagnantium
1346 2710 1478 2771 laborum
1497 2712 1701 2786 ingruentium
1715 2710 1814 2770 crebra
1829 2712 1981 2785 pertmm

223 2798 298 2859 velle
324 2798 455 2858 Mambre
479 2801 508 2858 in
537 2802 599 2875 ipso
627 2803 740 2861 lervore
765 2802 822 2862 diei
851 2806 1036 2877 (Genusus).
1063 2829 1075 2853 υ
1120 2797 1198 2857 tiuuu
1215 2806 1348 2871 roratur,
1368 2801 1476 2874 quibus
1494 2802 1622 2876 gaudum
1643 2800 1785 2875 Ρΐθῠὶίθίῑ,
1804 2815 1884 2874 uiui)e
1912 2801 1981 2860 ⁰0¹0

223 2888 300 2947 Hinc
324 2894 377 2959 est,
403 2890 482 2964 quod
504 2890 540 2949 de
563 2891 636 2950 Loth
661 2916 667 2948 :
691 2913 704 2944 a
726 2892 786 2963 Sol,
807 2893 1015 2968 monitorias
1036 2900 1078 2953 eat
1119 2886 1274 2959 compellit.
1290 2887 1377 2948 Plane
1400 2889 1425 2948 si
1450 2878 1557 2950 laboris
1577 2888 1699 2949 delectat
1720 2888 1912 2962 exercitium,
1927 2891 1979 2949 bs·

223 2991 309 3051 super
338 2983 454 3047 terram,
480 2985 508 3037 ot
535 2978 607 3037 both
637 2980 787 3054 ingressus
810 2988 853 3040 est
881 2982 970 3058 segor
997 2985 1075 3053 (aen,
1121 2974 1167 3032 bet
1187 2982 1285 3035 sancta
1302 2977 1385 3050 onies
1409 2977 1539 3038 laborem
1555 2992 1653 3038 suum.
1673 2976 1757 3037 Unde
1777 2977 1928 3040 bombus
1945 2980 1979 3039 ad

222 3072 299 3137 xlx).
317 3089 328 3120 ι
346 3066 433 3126 Recte
447 3067 537 3143 igitur
557 3069 619 3128 sire
640 3070 753 3142 mundi,
774 3072 836 3131 sive
858 3071 999 3148 principis
1012 3075 1076 3146 ejus
1086 3116 1108 3179 G
1119 3062 1237 3139 Moysen
1254 3082 1260 3121 :
1280 3091 1293 3116 l
1316 3065 1404 3136 Vade,
1423 3066 1528 3141 inquit,
1544 3072 1572 3125 et
1590 3066 1637 3126 dic
1655 3066 1698 3125 cis
1712 3085 1719 3124 r
1735 3066 1934 3127 Revertimini
1948 3067 1977 3128 ln

222 3155 365 3214 amicitias
386 3155 588 3230 dedignamur,
608 3166 637 3216 et
662 3175 729 3220 cum
754 3160 797 3220 eis
820 3162 908 3221 simul
933 3161 1076 3221 societatis
1119 3155 1238 3213 leuluuu
1258 3164 1372 3226 lustrat
1395 3163 1426 3216 tu
1453 3172 1522 3215 veru
1545 3155 1593 3215 hiu
1614 3164 1658 3215 sslu
1680 3171 1805 3225 mecum,
1824 3163 1853 3215 ul
1873 3155 1979 3232 lullum

222 3243 319 3303 ioedus
341 3243 446 3303 habere
469 3246 705 3307 contemnimus:
724 3263 761 3307 ne
773 3248 843 3308 dum
859 3250 985 3308 tenebris
1004 3252 1075 3325 jnn·
1117 3241 1899 3319 libiomuiamandau‚taeuuu1⁰uiu⁸ultuut'uuiuiu(
1971 3290 1976 3303 ·

220 3337 328 3408 gimur,
344 3333 408 3394 lure
432 3335 592 3409 privemur.
609 3337 644 3396 Et
665 3337 836 3409 notandum,
852 3339 929 3413 quod
956 3338 1077 3413 iniquus
1117 3334 1160 3400 v).
1177 3354 1188 3381 ι
1204 3330 1321 3391 Castoris
1337 3334 1444 3408 quippe
1467 3334 1497 3392 in
1516 3332 1611 3393 carnis
1635 3348 1697 3393 suae
1718 3332 1841 3392 tentorio
1855 3332 1979 3393 delecta·

219 3438 272 3484 rex
297 3437 355 3483 non
382 3424 455 3483 duos
470 3425 599 3485 inimicis
616 3441 727 3496 eruere,
751 3428 800 3486 sed
821 3443 915 3489 unum
934 3431 1077 3489 duntaxat
1116 3418 1214 3478 bililuu
1227 3420 1443 3495 quiescentibus
1454 3421 1617 3482 sutuuSDui
1630 3437 1688 3482 u0u
1702 3421 1828 3482 feudum
1842 3421 1975 3495 jubetur,

219 3512 337 3572 mulum
351 3513 469 3587 flagitat,
485 3520 517 3574 ut
532 3530 579 3573 eos
595 3516 626 3574 in
654 3516 741 3576 Israel
756 3519 941 3593 opprobrium
966 3526 1053 3594 ponat
1068 3545 1074 3579 z
1116 3510 1165 3568 sed
1180 3518 1255 3570 stare
1269 3528 1337 3571 cum
1351 3513 1485 3586 Domino,
1501 3520 1533 3574 ut
1550 3529 1610 3589 quo
1623 3515 1762 3574 remotius
1777 3528 1795 3572 s
1808 3512 1917 3572 mundi
1933 3511 1976 3570 la·

219 3603 289 3676 onia
303 3618 378 3676 sepe
402 3602 549 3679 malignus
567 3605 657 3664 bostis
675 3607 867 3666 consentienti
886 3608 942 3668 sibi
957 3609 1078 3669 cuilibet
1115 3598 1235 3660 buribuu
1263 3610 1363 3675 cessat,
1385 3618 1418 3662 00
1437 3603 1605 3678 Viglluulilffi
1632 3604 1663 3663 iu
1690 3603 1800 3663 diliuiu
1824 3600 1975 3676 merus

173 3746 177 3752 .
219 3691 340 3765 reprobo
363 3692 475 3751 homini
499 3694 636 3767 potiorem
654 3700 764 3769 partem
782 3697 949 3769 sanctitatis,
973 3713 1007 3757 ac
1027 3699 1077 3757 lu·
1115 3687 1176 3761 ipse
1191 3691 1461 3768 susuuulaequiulis
1476 3693 1724 3752 feruutuuelcuul·

219 3777 276 3836 cidi
297 3779 391 3852 operis
411 3780 522 3849 adimit,
539 3781 682 3842 minorem
696 3799 764 3842 vero
778 3784 932 3844 artificiosa
950 3785 1075 3860 quadam
1153 3777 1208 3836 Sed
1219 3780 1279 3855 jam
1294 3781 1329 3841 ad
1348 3795 1394 3839 me
1408 3780 1503 3851 redeo,
1517 3796 1564 3840 me
1585 3780 1716 3854 vestigiis
1738 3785 1841 3838 vestrae
1863 3778 1974 3837 muco·

219 3881 280 3925 suae
298 3865 464 3927 calliditatis
487 3868 631 3927 industria
651 3870 847 3946 derelinquit3
863 3873 936 3931 utin
953 3888 986 3932 eo
998 3873 1076 3947 quod
1117 3865 1325 3940 tatisadrolm,
1342 3877 1374 3928 ut
1388 3868 1462 3928 sicut
1475 3869 1506 3927 in
1525 3883 1558 3928 os
1577 3868 1651 3927 mihi
1665 3867 1844 3928 unanimiter
1859 3866 1974 3943 promi·

219 3953 337 4024 tollitur,
360 3955 398 4013 sit
420 3957 528 4015 occasio
559 3956 753 4018 damnationis
777 3966 809 4019 ut
837 3965 956 4035 pereat:
982 3961 1014 4020 in
1042 3978 1076 4022 eo
1116 3956 1202 4028 sistis,
1218 3958 1248 4016 iu
1264 3957 1394 4018 hiantem
1418 3966 1599 4034 peecatorum
1621 3960 1789 4035 voraginem
1813 3973 1913 4019 memo
1927 3975 1973 4018 se·

218 4055 287 4101 aero
312 4042 391 4117 quod
416 4051 555 4114 remanet,
580 4046 615 4103 de
642 4063 691 4121 spe
717 4047 832 4107 fiduciae
860 4058 1073 4123 presumatur:
1115 4045 1194 4105 dulae
1207 4046 1346 4106 orationis
1364 4047 1516 4108 brachium
1542 4047 1703 4123 porrigatis.
1720 4047 1795 4106 Nam
1815 4046 1871 4106 etsi
1890 4045 1974 4105 robis

218 4134 251 4187 ul
272 4136 400 4202 peccator
422 4132 458 4189 ad
483 4133 683 4205 poenttemum
708 4151 767 4194 nou
794 4146 930 4209 recurrat,
961 4140 1011 4198 sed
1038 4157 1076 4199 ex
1115 4134 1279 4193 cohabitare
1294 4151 1353 4197 noo
1367 4136 1458 4210 potui,
1471 4136 1642 4197 habitationi
1659 4142 1754 4195 tamen
1768 4134 1974 4209 restraeouie·

218 4215 289 4289 ipsis
308 4218 466 4277 sanctitatis
494 4221 610 4280 amissae
637 4223 781 4298 reliquiis,
805 4226 913 4300 quibus
937 4234 1075 4303 unquam
1116 4222 1245 4283 tudinem
1257 4223 1420 4298 procuravi.
1433 4224 1573 4285 Bersellai
1588 4239 1657 4284 sane
1670 4222 1832 4283 Galaadites
1848 4224 1973 4283 dmoen·

216 4301 319 4362 baculo
352 4311 546 4377 transgressor
584 4308 732 4381 innititur,
767 4311 804 4370 ab
838 4314 895 4386 his,
922 4316 973 4388 oui
1006 4332 1076 4376 eum
1114 4312 1246 4372 deusde
1274 4314 1416 4387 Rogelim,
1446 4315 1569 4388 praebuit
1600 4313 1741 4373 alimenta
1768 4312 1871 4387 David,
1899 4313 1972 4375 dam

215 4390 351 4452 cecidisse
376 4400 541 4467 noverunt,
569 4395 691 4456 infamia
718 4398 881 4473 laceretur3
908 4403 1007 4478 sicque
1033 4405 1074 4479 pii
1117 4399 1227 4472 ingeret
1252 4418 1269 4460 a
1295 4403 1367 4462 facie
1389 4402 1518 4463 Absalon
1535 4407 1572 4476 (H
1584 4407 1650 4474 iter.
1667 4406 1750 4475 xvul.
1774 4402 1866 4474 Quem
1889 4418 1971 4473 com,

216 4479 312 4555 operis
324 4479 531 4543 detrimentum
549 4486 648 4558 dignae
661 4486 699 4545 sit
712 4488 855 4549 irrisionis
871 4492 1068 4564 opprobrium.
1080 4469 1227 4562 ”persua
1249 4490 1377 4561 victoria,
1408 4507 1459 4549 reu
1480 4492 1617 4551 invitaret
1641 4498 1674 4551 ut
1698 4492 1735 4551 ad
1759 4491 1972 4566 quiescendum

216 4567 293 4628 Huic
320 4569 406 4630 etiam
435 4570 507 4632 illud
538 4589 596 4633 non
625 4574 767 4636 dissimile
793 4583 845 4650 est,
872 4581 948 4655 quod
978 4580 1070 4640 David
1113 4592 1181 4637 cum
1202 4594 1236 4638 oo
1254 4579 1285 4637 in
1310 4578 1470 4639 ierusalem
1489 4578 1539 4639 ille
1557 4581 1700 4649 transiret,
1716 4579 1902 4653 acquiescere
1916 4594 1973 4638 no·

216 4660 329 4720 nuntiis
355 4661 483 4736 contigit,
511 4678 579 4723 cum
607 4664 701 4724 eidem
732 4665 807 4725 Nsas
839 4673 964 4741 mortuo,
992 4670 1071 4730 lilius
1114 4666 1971 4739 luit,sedtiliumsuumillisuaricecommisit:«Obsecro,

214 4751 278 4825 ejus
302 4750 338 4810 ad
362 4751 519 4814 obtinenda
543 4757 624 4830 regni
652 4762 763 4831 sceptra
787 4760 952 4819 successit:
982 4762 1071 4820 «Fa—
1113 4759 1218 4834 inquit,
1233 4766 1266 4819 ut
1277 4765 1437 4820 revertatur
1447 4776 1550 4819 servus
1562 4767 1640 4831 tuus,
1653 4766 1681 4818 et
1694 4757 1973 4819 moriariuciritste

214 4842 311 4913 ciam,
337 4843 455 4918 inquit,
482 4845 709 4907 misericordiam
754 4864 822 4908 cum
859 4850 963 4909 Hauon
1009 4852 1070 4911 lilio
1114 4864 1194 4913 mea,
1209 4857 1236 4907 et
1262 4848 1386 4923 sepeliar
1405 4850 1493 4922 juxta
1522 4846 1687 4922 sepulcrum
1714 4845 1802 4920 patris
1829 4847 1910 4916 mei,
1944 4852 1974 4905 et

213 4931 297 5001 Naas,
322 4932 396 4993 sicut
414 4934 481 4996 lecit
509 4941 588 5008 pater
613 4936 676 5010 ejus
699 4952 814 4999 mecum
842 4939 1070 5000 misericordiam
1112 4939 1213 4998 matris
1235 4953 1317 4998 meae.
1335 4938 1385 4997 Est
1408 4946 1507 5000 autem
1530 4954 1632 5001 servus
1651 4946 1718 4997 tuus
1735 4936 1871 4997 Chanaan
1885 4960 1893 4996 ε
1908 4937 1974 5011 ipse
2022 4952 2023 4955 ¹

212 5021 252 5088 (Η
272 5022 339 5091 ileo.
367 5024 410 5091 1).
445 5045 456 5073 ι
488 5022 567 5082 Misit
593 5038 661 5097 ergo
687 5024 780 5084 David
815 5026 967 5086 consolans
1001 5046 1070 5089 cum
1111 5028 1196 5088 radat
1223 5036 1326 5100 tecum,
1351 5028 1473 5089 Domine
1494 5028 1536 5088 mi
1555 5029 1629 5100 Rex,
1646 5036 1674 5088 et
1696 5028 1740 5088 lar·
1763 5027 1790 5086 ei
1813 5026 1892 5102 quod
1917 5028 1971 5087 tibi

212 5120 264 5178 per
287 5122 385 5169 servos
410 5125 498 5185 super
524 5112 615 5185 patris
643 5112 775 5186 interitu,
801 5121 890 5188 utque
918 5116 1069 5178 historiam
1111 5118 1220 5178 bonum
1245 5119 1359 5179 ridetur
1378 5121 1415 5192 (H
1427 5123 1493 5191 lien.
1516 5122 1591 5193 xrs).
1610 5143 1621 5172 s
1639 5118 1700 5194 ugo
1718 5119 1807 5178 etiam
1830 5117 1971 5178 Bersellai

215 5189 287 5252 tes
306 5197 662 5269 compendiosarelatione
680 5204 856 5277 succingam,
873 5203 938 5264 tulit
962 5205 1068 5266 Hauon
1111 5208 1552 5284 nonsumimparexemp103in
1569 5208 1974 5283 bostilirobispersscutioue
2021 5248 2022 5289 p

211 5297 310 5343 servos
323 5282 423 5356 David,
439 5288 566 5364 rasitque
579 5291 704 5351 mediam
718 5299 827 5366 partem
842 5292 939 5353 barbae
953 5310 1067 5369 eorum,
1110 5298 1250 5372 succurri,
1264 5298 1313 5358 sed
1327 5299 1385 5357 Deo
1399 5297 1539 5372 largiente
1548 5298 1744 5371 triumphum,
1754 5298 1791 5357 ad
1801 5298 1918 5373 propria
1929 5314 1975 5357 re·

211 5375 240 5467 et
263 5371 394 5469 precidit
412 5380 505 5434 vestes
521 5392 624 5438 eorum
643 5382 754 5440 medias
773 5397 866 5457 usque
883 5382 919 5441 ad
934 5391 1024 5455 nates,
1041 5392 1069 5444 et
1110 5388 1228 5462 pedavi;
1259 5384 1330 5443 189
1344 5390 1398 5447 hoc
1414 5387 1654 5448 Cluniacsnsibus
1667 5387 1894 5463 inquisusquod
1914 5386 1976 5448 Go-

211 5458 322 5519 drmrsrt
334 5464 476 5533 eos.0nid
488 5469 566 5527 enim
578 5485 628 5544 per
639 5470 756 5546 Hauon,
770 5474 824 5534 nisi
836 5476 975 5552 nequitia
986 5476 1069 5551 spiri·
1109 5475 1285 5538 lossensibus
1297 5476 1406 5537 Paulus
1426 5476 1537 5536 dicebat
1554 5475 1680 5537 :uNam
1696 5477 1753 5537 etsi
1775 5492 1893 5553 corpore
1917 5476 1975 5536 ab·

212 5550 284 5611 tus?
299 5551 370 5626 quid
382 5569 434 5629 per
444 5555 574 5632 barbam,
589 5575 657 5636 oua
669 5563 802 5624 virorum
816 5574 858 5626 ast
870 5568 995 5643 propria,
1011 5568 1067 5628 nisi
1109 5583 1177 5629 sens
1202 5583 1279 5640 sum,
1300 5567 1350 5627 sed
1375 5564 1477 5640 spiritu
1507 5563 1658 5627 vobiscum
1684 5580 1759 5635 sum,
1779 5564 1922 5640 gaudeus,
1943 5572 1976 5627 et
2020 5570 2021 5605 r
