<?xml version="1.0" encoding="UTF-8"?>
<!DOCTYPE html PUBLIC "-//W3C//DTD XHTML 1.0 Transitional//EN"
    "http://www.w3.org/TR/xhtml1/DTD/xhtml1-transitional.dtd">
<html xmlns="http://www.w3.org/1999/xhtml" xml:lang="en" lang="en">
 <head>
  <title>
</title>
<meta http-equiv="Content-Type" content="text/html;charset=utf-8" />
  <meta name='ocr-system' content='tesseract 3.04.00' />
  <meta name='ocr-capabilities' content='ocr_page ocr_carea ocr_par ocr_line ocrx_word'/>
</head>
<body>
  <div class='ocr_page' id='page_1' title='image "./patrologiaecurs123unkngoog/patrologiaecurs123unkngoog_0090.png"; bbox 0 0 4100 6209; ppageno 0'>
   <div class='ocr_carea' id='block_1_1' title="bbox 103 321 1861 405">
    <p class='ocr_par' dir='ltr' id='par_1_1' title="bbox 103 321 1861 405">
     <span class='ocr_line' id='line_1_1' title="bbox 103 321 1861 405; baseline 0 -1"><span class='ocrx_word' id='word_1_1' title='bbox 103 343 157 405; x_wconf 84' lang='grc'><strong>173</strong></span> <span class='ocrx_word' id='word_1_2' title='bbox 539 331 828 397; x_wconf 74' lang='lat' dir='ltr'><strong>t‘nohlteollnnn.</strong></span> <span class='ocrx_word' id='word_1_3' title='bbox 848 365 883 380; x_wconf 95' lang='lat'><em>-</em></span> <span class='ocrx_word' id='word_1_4' title='bbox 903 332 934 396; x_wconf 86' lang='lat' dir='ltr'><strong>S.</strong></span> <span class='ocrx_word' id='word_1_5' title='bbox 953 321 1067 396; x_wconf 74' lang='lat' dir='ltr'><strong>inunt</strong></span> <span class='ocrx_word' id='word_1_6' title='bbox 1085 333 1250 397; x_wconf 81' lang='lat' dir='ltr'><strong>DAMIANI</strong></span> <span class='ocrx_word' id='word_1_7' title='bbox 1269 336 1361 399; x_wconf 78' lang='lat' dir='ltr'>VITA</span> <span class='ocrx_word' id='word_1_8' title='bbox 1379 337 1430 398; x_wconf 86' lang='lat' dir='ltr'><strong>IV.</strong></span> <span class='ocrx_word' id='word_1_9' title='bbox 1809 343 1861 404; x_wconf 80' lang='lat' dir='ltr'><strong>tit</strong></span> 
     </span>
    </p>
   </div>
   <div class='ocr_carea' id='block_1_2' title="bbox 100 464 1886 3799">
    <p class='ocr_par' dir='ltr' id='par_1_2' title="bbox 100 464 1886 3799">
     <span class='ocr_line' id='line_1_2' title="bbox 102 464 1860 546; baseline 0.003 -15"><span class='ocrx_word' id='word_1_10' title='bbox 102 471 258 546; x_wconf 79' lang='lat' dir='ltr'><strong>desponsa</strong></span> <span class='ocrx_word' id='word_1_11' title='bbox 268 466 331 544; x_wconf 84' lang='lat' dir='ltr'><strong>jann</strong></span> <span class='ocrx_word' id='word_1_12' title='bbox 345 465 435 527; x_wconf 89' lang='lat' dir='ltr'><strong>illum</strong></span> <span class='ocrx_word' id='word_1_13' title='bbox 447 464 564 528; x_wconf 78' lang='lat' dir='ltr'><strong>satietas</strong></span> <span class='ocrx_word' id='word_1_14' title='bbox 577 470 735 542; x_wconf 79' lang='lat' dir='ltr'><strong>reperatur</strong></span> <span class='ocrx_word' id='word_1_15' title='bbox 748 465 1074 543; x_wconf 72' lang='lat' dir='ltr'><strong>erecturos-aqua</strong></span> <span class='ocrx_word' id='word_1_16' title='bbox 1102 467 1180 531; x_wconf 86' lang='lat' dir='ltr'><strong>diem</strong></span> <span class='ocrx_word' id='word_1_17' title='bbox 1206 474 1342 532; x_wconf 84' lang='lat' dir='ltr'><strong>ocuvnm</strong></span> <span class='ocrx_word' id='word_1_18' title='bbox 1368 467 1434 530; x_wconf 85' lang='lat' dir='ltr'><strong>Kal.</strong></span> <span class='ocrx_word' id='word_1_19' title='bbox 1464 466 1549 532; x_wconf 82' lang='lat' dir='ltr'><strong>liert.</strong></span> <span class='ocrx_word' id='word_1_20' title='bbox 1578 470 1730 534; x_wconf 76' lang='lat' dir='ltr'><strong>antecessit</strong></span> <span class='ocrx_word' id='word_1_21' title='bbox 1759 472 1860 536; x_wconf 85' lang='lat' dir='ltr'><strong>endem</strong></span> 
     </span>
     <span class='ocr_line' id='line_1_3' title="bbox 102 551 1860 643; baseline 0.006 -25"><span class='ocrx_word' id='word_1_22' title='bbox 102 558 191 632; x_wconf 75' lang='lat' dir='ltr'><strong>hom,</strong></span> <span class='ocrx_word' id='word_1_23' title='bbox 211 553 419 630; x_wconf 68' lang='lat' dir='ltr'><strong>moguntinum</strong></span> <span class='ocrx_word' id='word_1_24' title='bbox 437 552 596 616; x_wconf 86' lang='lat' dir='ltr'><strong>antistitem</strong></span> <span class='ocrx_word' id='word_1_25' title='bbox 614 554 651 615; x_wconf 89' lang='lat' dir='ltr'><strong>ed</strong></span> <span class='ocrx_word' id='word_1_26' title='bbox 674 551 865 616; x_wconf 86' lang='lat' dir='ltr'><strong>indicendum</strong></span> <span class='ocrx_word' id='word_1_27' title='bbox 880 556 917 616; x_wconf 88' lang='lat' dir='ltr'><strong>de</strong></span> <span class='ocrx_word' id='word_1_28' title='bbox 932 571 966 616; x_wconf 87' lang='lat' dir='ltr'><strong>ea</strong></span> <span class='ocrx_word' id='word_1_29' title='bbox 1005 575 1083 621; x_wconf 90' lang='lat' dir='ltr'><strong>anno</strong></span> <span class='ocrx_word' id='word_1_30' title='bbox 1103 561 1140 621; x_wconf 89' lang='lat' dir='ltr'><strong>eh</strong></span> <span class='ocrx_word' id='word_1_31' title='bbox 1163 567 1229 625; x_wconf 90' lang='lat' dir='ltr'><strong>ortu</strong></span> <span class='ocrx_word' id='word_1_32' title='bbox 1251 559 1358 622; x_wconf 82' lang='lat' dir='ltr'><strong>Christi</strong></span> <span class='ocrx_word' id='word_1_33' title='bbox 1386 561 1465 624; x_wconf 81' lang='lat'>1080.</span> <span class='ocrx_word' id='word_1_34' title='bbox 1486 562 1560 639; x_wconf 82' lang='lat' dir='ltr'><strong>eim</strong></span> <span class='ocrx_word' id='word_1_35' title='bbox 1582 568 1675 626; x_wconf 90' lang='lat' dir='ltr'><strong>morte</strong></span> <span class='ocrx_word' id='word_1_36' title='bbox 1688 563 1725 626; x_wconf 90' lang='lat' dir='ltr'><strong>eh</strong></span> <span class='ocrx_word' id='word_1_37' title='bbox 1746 563 1784 628; x_wconf 91' lang='lat' dir='ltr'><strong>iis</strong></span> <span class='ocrx_word' id='word_1_38' title='bbox 1807 566 1860 643; x_wconf 90' lang='lat' dir='ltr'><strong>qni</strong></span> 
     </span>
     <span class='ocr_line' id='line_1_4' title="bbox 101 643 1862 727; baseline 0.004 -17"><span class='ocrx_word' id='word_1_39' title='bbox 101 666 137 710; x_wconf 87' lang='lat' dir='ltr'><strong>re</strong></span> <span class='ocrx_word' id='word_1_40' title='bbox 157 645 322 723; x_wconf 76' lang='lat' dir='ltr'><strong>Mogontia</strong></span> <span class='ocrx_word' id='word_1_41' title='bbox 343 649 521 707; x_wconf 83' lang='lat' dir='ltr'><strong>conuentum</strong></span> <span class='ocrx_word' id='word_1_42' title='bbox 545 644 712 722; x_wconf 85' lang='lat' dir='ltr'><strong>impulerat.</strong></span> <span class='ocrx_word' id='word_1_43' title='bbox 738 643 840 722; x_wconf 85' lang='lat' dir='ltr'><strong>Itaque</strong></span> <span class='ocrx_word' id='word_1_44' title='bbox 860 661 966 723; x_wconf 91' lang='lat' dir='ltr'><strong>oppor·</strong></span> <span class='ocrx_word' id='word_1_45' title='bbox 1006 649 1189 726; x_wconf 81' lang='lat' dir='ltr'><strong>excubabant</strong></span> <span class='ocrx_word' id='word_1_46' title='bbox 1212 652 1299 727; x_wconf 81' lang='lat' dir='ltr'><strong>justa</strong></span> <span class='ocrx_word' id='word_1_47' title='bbox 1324 652 1503 727; x_wconf 76' lang='lat' dir='ltr'><strong>cenobium,</strong></span> <span class='ocrx_word' id='word_1_48' title='bbox 1527 669 1566 716; x_wconf 91' lang='lat' dir='ltr'><strong>ne</strong></span> <span class='ocrx_word' id='word_1_49' title='bbox 1588 659 1721 717; x_wconf 77' lang='lat' dir='ltr'><strong>mncmm</strong></span> <span class='ocrx_word' id='word_1_50' title='bbox 1739 654 1862 717; x_wconf 76' lang='lat' dir='ltr'><strong>mdarcr</strong></span> 
     </span>
     <span class='ocr_line' id='line_1_5' title="bbox 102 734 1860 822; baseline 0.005 -22"><span class='ocrx_word' id='word_1_51' title='bbox 102 743 177 800; x_wconf 89' lang='lat' dir='ltr'><strong>tune</strong></span> <span class='ocrx_word' id='word_1_52' title='bbox 191 738 295 799; x_wconf 83' lang='lat' dir='ltr'><strong>Petrus</strong></span> <span class='ocrx_word' id='word_1_53' title='bbox 307 751 375 798; x_wconf 90' lang='lat' dir='ltr'><strong>cnm</strong></span> <span class='ocrx_word' id='word_1_54' title='bbox 389 735 422 798; x_wconf 91' lang='lat' dir='ltr'><strong>in</strong></span> <span class='ocrx_word' id='word_1_55' title='bbox 445 734 633 796; x_wconf 85' lang='lat' dir='ltr'><strong>Germaniam</strong></span> <span class='ocrx_word' id='word_1_56' title='bbox 652 738 840 813; x_wconf 85' lang='lat' dir='ltr'><strong>pervenisset,</strong></span> <span class='ocrx_word' id='word_1_57' title='bbox 865 736 966 797; x_wconf 88' lang='lat' dir='ltr'><strong>conie-</strong></span> <span class='ocrx_word' id='word_1_58' title='bbox 1005 745 1101 820; x_wconf 89' lang='lat' dir='ltr'><strong>posset</strong></span> <span class='ocrx_word' id='word_1_59' title='bbox 1114 757 1132 804; x_wconf 88' lang='lat' dir='ltr'><strong>a</strong></span> <span class='ocrx_word' id='word_1_60' title='bbox 1147 740 1209 803; x_wconf 90' lang='lat' dir='ltr'><strong>suis</strong></span> <span class='ocrx_word' id='word_1_61' title='bbox 1222 741 1384 817; x_wconf 85' lang='lat' dir='ltr'><strong>monachis,</strong></span> <span class='ocrx_word' id='word_1_62' title='bbox 1399 742 1452 821; x_wconf 89' lang='lat' dir='ltr'><strong>qui</strong></span> <span class='ocrx_word' id='word_1_63' title='bbox 1465 760 1481 806; x_wconf 89' lang='lat' dir='ltr'><strong>e</strong></span> <span class='ocrx_word' id='word_1_64' title='bbox 1495 743 1667 822; x_wconf 82' lang='lat' dir='ltr'><strong>propinquis</strong></span> <span class='ocrx_word' id='word_1_65' title='bbox 1688 744 1760 807; x_wconf 90' lang='lat' dir='ltr'><strong>locis</strong></span> <span class='ocrx_word' id='word_1_66' title='bbox 1772 747 1860 808; x_wconf 87' lang='lat' dir='ltr'><strong>adre-</strong></span> 
     </span>
     <span class='ocr_line' id='line_1_6' title="bbox 100 820 1863 914; baseline 0.007 -27"><span class='ocrx_word' id='word_1_67' title='bbox 100 825 174 887; x_wconf 82' lang='lat' dir='ltr'><strong>sum</strong></span> <span class='ocrx_word' id='word_1_68' title='bbox 188 821 407 900; x_wconf 75' lang='lat' dir='ltr'><strong>Mogmnnum</strong></span> <span class='ocrx_word' id='word_1_69' title='bbox 430 820 572 885; x_wconf 89' lang='lat' dir='ltr'><strong>intentato</strong></span> <span class='ocrx_word' id='word_1_70' title='bbox 594 822 714 886; x_wconf 78' lang='lat' dir='ltr'><strong>amieria</strong></span> <span class='ocrx_word' id='word_1_71' title='bbox 735 825 967 888; x_wconf 81' lang='lat' dir='ltr'><strong>animadversio·</strong></span> <span class='ocrx_word' id='word_1_72' title='bbox 1005 840 1119 908; x_wconf 79' lang='lat' dir='ltr'><strong>nemnt,</strong></span> <span class='ocrx_word' id='word_1_73' title='bbox 1153 833 1256 894; x_wconf 84' lang='lat' dir='ltr'><strong>furtim</strong></span> <span class='ocrx_word' id='word_1_74' title='bbox 1280 834 1437 912; x_wconf 82' lang='lat' dir='ltr'><strong>exportari,</strong></span> <span class='ocrx_word' id='word_1_75' title='bbox 1467 834 1611 911; x_wconf 86' lang='lat' dir='ltr'><strong>nuntiata,</strong></span> <span class='ocrx_word' id='word_1_76' title='bbox 1637 843 1754 914; x_wconf 87' lang='lat' dir='ltr'><strong>repente</strong></span> <span class='ocrx_word' id='word_1_77' title='bbox 1783 838 1863 900; x_wconf 82' lang='lat' dir='ltr'><strong>cives</strong></span> 
     </span>
     <span class='ocr_line' id='line_1_7' title="bbox 101 910 1861 1005; baseline 0.008 -29"><span class='ocrx_word' id='word_1_78' title='bbox 101 913 153 976; x_wconf 87' lang='lat' dir='ltr'><strong>nis</strong></span> <span class='ocrx_word' id='word_1_79' title='bbox 174 912 318 991; x_wconf 88' lang='lat' dir='ltr'><strong>periculo,</strong></span> <span class='ocrx_word' id='word_1_80' title='bbox 345 912 382 976; x_wconf 85' lang='lat' dir='ltr'><strong>ah</strong></span> <span class='ocrx_word' id='word_1_81' title='bbox 405 910 541 976; x_wconf 87' lang='lat' dir='ltr'><strong>habendo</strong></span> <span class='ocrx_word' id='word_1_82' title='bbox 566 914 690 975; x_wconf 90' lang='lat' dir='ltr'><strong>coneilio</strong></span> <span class='ocrx_word' id='word_1_83' title='bbox 716 916 870 978; x_wconf 80' lang='lat' dir='ltr'><strong>revocavit.</strong></span> <span class='ocrx_word' id='word_1_84' title='bbox 897 915 968 978; x_wconf 79' lang='lat' dir='ltr'><strong>lion</strong></span> <span class='ocrx_word' id='word_1_85' title='bbox 1006 937 1109 985; x_wconf 90' lang='lat' dir='ltr'><strong>ornnes</strong></span> <span class='ocrx_word' id='word_1_86' title='bbox 1128 923 1165 984; x_wconf 92' lang='lat' dir='ltr'><strong>ad</strong></span> <span class='ocrx_word' id='word_1_87' title='bbox 1183 923 1247 998; x_wconf 86' lang='lat' dir='ltr'><strong>ejus</strong></span> <span class='ocrx_word' id='word_1_88' title='bbox 1268 923 1427 1000; x_wconf 74' lang='lat' dir='ltr'><strong>parenmlia</strong></span> <span class='ocrx_word' id='word_1_89' title='bbox 1443 932 1612 999; x_wconf 87' lang='lat' dir='ltr'><strong>aecurrunt,</strong></span> <span class='ocrx_word' id='word_1_90' title='bbox 1630 924 1773 1005; x_wconf 72' lang='lat' dir='ltr'><strong>laremque</strong></span> <span class='ocrx_word' id='word_1_91' title='bbox 1787 933 1861 990; x_wconf 74' lang='lat' dir='ltr'><strong>unr-</strong></span> 
     </span>
     <span class='ocr_line' id='line_1_8' title="bbox 103 1003 1863 1090; baseline 0.008 -23"><span class='ocrx_word' id='word_1_92' title='bbox 103 1005 226 1068; x_wconf 85' lang='lat' dir='ltr'><strong>aoceeeit</strong></span> <span class='ocrx_word' id='word_1_93' title='bbox 239 1003 487 1082; x_wconf 85' lang='lat' dir='ltr'><strong>Francoiordiam,</strong></span> <span class='ocrx_word' id='word_1_94' title='bbox 505 1006 559 1068; x_wconf 89' lang='lat' dir='ltr'><strong>ubi</strong></span> <span class='ocrx_word' id='word_1_95' title='bbox 577 1011 639 1070; x_wconf 91' lang='lat' dir='ltr'><strong>tum</strong></span> <span class='ocrx_word' id='word_1_96' title='bbox 656 1005 801 1070; x_wconf 81' lang='lat' dir='ltr'><strong>ilenricus</strong></span> <span class='ocrx_word' id='word_1_97' title='bbox 814 1023 966 1086; x_wconf 88' lang='lat' dir='ltr'><strong>procerum</strong></span> <span class='ocrx_word' id='word_1_98' title='bbox 1005 1013 1090 1090; x_wconf 89' lang='lat' dir='ltr'><strong>plum</strong></span> <span class='ocrx_word' id='word_1_99' title='bbox 1103 1019 1181 1075; x_wconf 82' lang='lat' dir='ltr'><strong>muta</strong></span> <span class='ocrx_word' id='word_1_100' title='bbox 1194 1013 1294 1090; x_wconf 90' lang='lat' dir='ltr'><strong>populi</strong></span> <span class='ocrx_word' id='word_1_101' title='bbox 1309 1015 1497 1082; x_wconf 89' lang='lat' dir='ltr'><strong>multitudine</strong></span> <span class='ocrx_word' id='word_1_102' title='bbox 1510 1018 1649 1080; x_wconf 77' lang='lat' dir='ltr'><strong>refertum</strong></span> <span class='ocrx_word' id='word_1_103' title='bbox 1664 1023 1708 1080; x_wconf 86' lang='lat' dir='ltr'><strong>eet</strong></span> <span class='ocrx_word' id='word_1_104' title='bbox 1720 1024 1752 1080; x_wconf 90' lang='lat' dir='ltr'><strong>ut</strong></span> <span class='ocrx_word' id='word_1_105' title='bbox 1767 1020 1863 1081; x_wconf 90' lang='lat' dir='ltr'><strong>unda·</strong></span> 
     </span>
     <span class='ocr_line' id='line_1_9' title="bbox 103 1095 1863 1186; baseline 0.007 -29"><span class='ocrx_word' id='word_1_106' title='bbox 103 1112 229 1158; x_wconf 90' lang='lat' dir='ltr'><strong>snorum</strong></span> <span class='ocrx_word' id='word_1_107' title='bbox 255 1101 433 1158; x_wconf 80' lang='lat' dir='ltr'><strong>conventum</strong></span> <span class='ocrx_word' id='word_1_108' title='bbox 456 1095 577 1174; x_wconf 88' lang='lat' dir='ltr'><strong>agehat;</strong></span> <span class='ocrx_word' id='word_1_109' title='bbox 603 1095 636 1158; x_wconf 91' lang='lat' dir='ltr'><strong>in</strong></span> <span class='ocrx_word' id='word_1_110' title='bbox 658 1104 894 1176; x_wconf 83' lang='lat' dir='ltr'><strong>conventumque</strong></span> <span class='ocrx_word' id='word_1_111' title='bbox 915 1096 967 1158; x_wconf 89' lang='lat' dir='ltr'><strong>nd·</strong></span> <span class='ocrx_word' id='word_1_112' title='bbox 1007 1120 1076 1166; x_wconf 89' lang='lat' dir='ltr'><strong>rum</strong></span> <span class='ocrx_word' id='word_1_113' title='bbox 1089 1120 1153 1166; x_wconf 88' lang='lat' dir='ltr'><strong>sese</strong></span> <span class='ocrx_word' id='word_1_114' title='bbox 1167 1106 1391 1168; x_wconf 80' lang='lat' dir='ltr'><strong>modoinricem</strong></span> <span class='ocrx_word' id='word_1_115' title='bbox 1403 1105 1588 1184; x_wconf 87' lang='lat' dir='ltr'><strong>impellerent</strong></span> <span class='ocrx_word' id='word_1_116' title='bbox 1601 1108 1746 1186; x_wconf 84' lang='lat' dir='ltr'><strong>planeque</strong></span> <span class='ocrx_word' id='word_1_117' title='bbox 1759 1107 1863 1171; x_wconf 81' lang='lat' dir='ltr'><strong>hestm</strong></span> 
     </span>
     <span class='ocr_line' id='line_1_10' title="bbox 104 1184 1862 1268; baseline 0.009 -23"><span class='ocrx_word' id='word_1_118' title='bbox 104 1188 226 1262; x_wconf 86' lang='lat' dir='ltr'><strong>missus,</strong></span> <span class='ocrx_word' id='word_1_119' title='bbox 247 1184 394 1264; x_wconf 89' lang='lat' dir='ltr'><strong>pontilicis</strong></span> <span class='ocrx_word' id='word_1_120' title='bbox 418 1185 571 1263; x_wconf 84' lang='lat' dir='ltr'><strong>explicetis</strong></span> <span class='ocrx_word' id='word_1_121' title='bbox 592 1185 747 1262; x_wconf 76' lang='lat' dir='ltr'><strong>mandatis,</strong></span> <span class='ocrx_word' id='word_1_122' title='bbox 766 1193 794 1248; x_wconf 85' lang='lat' dir='ltr'><strong>el</strong></span> <span class='ocrx_word' id='word_1_123' title='bbox 810 1185 967 1268; x_wconf 77' lang='lat' dir='ltr'><strong>principes,</strong></span> <span class='ocrx_word' id='word_1_124' title='bbox 1006 1194 1058 1256; x_wconf 90' lang='lat' dir='ltr'><strong>ille</strong></span> <span class='ocrx_word' id='word_1_125' title='bbox 1077 1195 1221 1258; x_wconf 77' lang='lat' dir='ltr'><strong>diceretur</strong></span> <span class='ocrx_word' id='word_1_126' title='bbox 1239 1197 1287 1260; x_wconf 89' lang='lat' dir='ltr'><strong>oni</strong></span> <span class='ocrx_word' id='word_1_127' title='bbox 1302 1197 1425 1260; x_wconf 87' lang='lat' dir='ltr'><strong>dabatur</strong></span> <span class='ocrx_word' id='word_1_128' title='bbox 1443 1198 1499 1260; x_wconf 86' lang='lat' dir='ltr'><strong>viri</strong></span> <span class='ocrx_word' id='word_1_129' title='bbox 1512 1200 1605 1261; x_wconf 69' lang='lat' dir='ltr'><strong>munti</strong></span> <span class='ocrx_word' id='word_1_130' title='bbox 1623 1199 1756 1262; x_wconf 72' lang='lat' dir='ltr'><strong>oculum</strong></span> <span class='ocrx_word' id='word_1_131' title='bbox 1773 1201 1862 1264; x_wconf 88' lang='lat' dir='ltr'><strong>attin·</strong></span> 
     </span>
     <span class='ocr_line' id='line_1_11' title="bbox 104 1277 1863 1370; baseline 0.007 -28"><span class='ocrx_word' id='word_1_132' title='bbox 104 1280 158 1360; x_wconf 91' lang='lat' dir='ltr'><strong>qni</strong></span> <span class='ocrx_word' id='word_1_133' title='bbox 173 1281 343 1358; x_wconf 81' lang='lat' dir='ltr'><strong>trequentes</strong></span> <span class='ocrx_word' id='word_1_134' title='bbox 356 1277 486 1353; x_wconf 89' lang='lat' dir='ltr'><strong>aderant,</strong></span> <span class='ocrx_word' id='word_1_135' title='bbox 511 1285 539 1341; x_wconf 89' lang='lat' dir='ltr'><strong>et</strong></span> <span class='ocrx_word' id='word_1_136' title='bbox 553 1278 717 1344; x_wconf 87' lang='lat' dir='ltr'><strong>Henricum</strong></span> <span class='ocrx_word' id='word_1_137' title='bbox 731 1277 969 1358; x_wconf 81' lang='lat' dir='ltr'><strong>ipsnmgrnviler</strong></span> <span class='ocrx_word' id='word_1_138' title='bbox 1007 1304 1087 1364; x_wconf 87' lang='lat' dir='ltr'><strong>gere,</strong></span> <span class='ocrx_word' id='word_1_139' title='bbox 1107 1304 1233 1350; x_wconf 87' lang='lat' dir='ltr'><strong>munere</strong></span> <span class='ocrx_word' id='word_1_140' title='bbox 1255 1290 1301 1350; x_wconf 91' lang='lat' dir='ltr'><strong>illi</strong></span> <span class='ocrx_word' id='word_1_141' title='bbox 1323 1288 1464 1366; x_wconf 78' lang='lat' dir='ltr'><strong>praebere,</strong></span> <span class='ocrx_word' id='word_1_142' title='bbox 1487 1289 1575 1368; x_wconf 87' lang='lat' dir='ltr'><strong>pedes</strong></span> <span class='ocrx_word' id='word_1_143' title='bbox 1600 1291 1736 1354; x_wconf 71' lang='lat' dir='ltr'><strong>neclan</strong></span> <span class='ocrx_word' id='word_1_144' title='bbox 1758 1291 1863 1370; x_wconf 83' lang='lat' dir='ltr'><strong>Sepul-</strong></span> 
     </span>
     <span class='ocr_line' id='line_1_12' title="bbox 105 1367 1864 1457; baseline 0.007 -28"><span class='ocrx_word' id='word_1_145' title='bbox 105 1367 271 1449; x_wconf 80' lang='lat' dir='ltr'><strong>increparit</strong></span> <span class='ocrx_word' id='word_1_146' title='bbox 290 1374 383 1449; x_wconf 88' lang='lat' dir='ltr'><strong>quam</strong></span> <span class='ocrx_word' id='word_1_147' title='bbox 395 1368 446 1430; x_wconf 85' lang='lat' dir='ltr'><strong>ille</strong></span> <span class='ocrx_word' id='word_1_148' title='bbox 460 1367 613 1442; x_wconf 82' lang='lat' dir='ltr'><strong>mnhretur</strong></span> <span class='ocrx_word' id='word_1_149' title='bbox 633 1387 696 1434; x_wconf 73' lang='lat' dir='ltr'><strong>mm</strong></span> <span class='ocrx_word' id='word_1_150' title='bbox 717 1370 885 1449; x_wconf 73' lang='lat' dir='ltr'><strong>pessimun</strong></span> <span class='ocrx_word' id='word_1_151' title='bbox 901 1376 930 1431; x_wconf 86' lang='lat' dir='ltr'><strong>et</strong></span> <span class='ocrx_word' id='word_1_152' title='bbox 951 1385 969 1431; x_wconf 80' lang='lat' dir='ltr'><strong>e</strong></span> <span class='ocrx_word' id='word_1_153' title='bbox 1008 1394 1092 1442; x_wconf 87' lang='lat' dir='ltr'><strong>erum</strong></span> <span class='ocrx_word' id='word_1_154' title='bbox 1108 1380 1218 1442; x_wconf 87' lang='lat' dir='ltr'><strong>interea</strong></span> <span class='ocrx_word' id='word_1_155' title='bbox 1233 1397 1271 1442; x_wconf 84' lang='lat' dir='ltr'><strong>ex</strong></span> <span class='ocrx_word' id='word_1_156' title='bbox 1286 1380 1492 1444; x_wconf 86' lang='lat' dir='ltr'><strong>candidissimo</strong></span> <span class='ocrx_word' id='word_1_157' title='bbox 1511 1398 1666 1457; x_wconf 75' lang='lat' dir='ltr'><strong>munnere,</strong></span> <span class='ocrx_word' id='word_1_158' title='bbox 1686 1396 1802 1444; x_wconf 88' lang='lat' dir='ltr'><strong>samma</strong></span> <span class='ocrx_word' id='word_1_159' title='bbox 1820 1382 1864 1442; x_wconf 85' lang='lat' dir='ltr'><strong>ia·</strong></span> 
     </span>
     <span class='ocr_line' id='line_1_13' title="bbox 108 1456 1865 1549; baseline 0.001 -27"><span class='ocrx_word' id='word_1_160' title='bbox 108 1459 232 1522; x_wconf 88' lang='lat' dir='ltr'><strong>nomine</strong></span> <span class='ocrx_word' id='word_1_161' title='bbox 244 1456 409 1522; x_wconf 78' lang='lat' dir='ltr'><strong>Christiano</strong></span> <span class='ocrx_word' id='word_1_162' title='bbox 424 1460 533 1522; x_wconf 87' lang='lat' dir='ltr'><strong>nedum</strong></span> <span class='ocrx_word' id='word_1_163' title='bbox 553 1461 634 1537; x_wconf 90' lang='lat' dir='ltr'><strong>regio</strong></span> <span class='ocrx_word' id='word_1_164' title='bbox 651 1461 739 1538; x_wconf 90' lang='lat' dir='ltr'><strong>plane</strong></span> <span class='ocrx_word' id='word_1_165' title='bbox 752 1459 881 1522; x_wconf 83' lang='lat' dir='ltr'><strong>ahenam</strong></span> <span class='ocrx_word' id='word_1_166' title='bbox 895 1475 967 1521; x_wconf 88' lang='lat' dir='ltr'><strong>esse.</strong></span> <span class='ocrx_word' id='word_1_167' title='bbox 1009 1470 1128 1544; x_wconf 60' lang='lat' dir='ltr'><strong>edidis,</strong></span> <span class='ocrx_word' id='word_1_168' title='bbox 1142 1470 1214 1549; x_wconf 73' lang='lat' dir='ltr'><strong>ipdid</strong></span> <span class='ocrx_word' id='word_1_169' title='bbox 1228 1470 1280 1547; x_wconf 79' lang='lat' dir='ltr'><strong>qui</strong></span> <span class='ocrx_word' id='word_1_170' title='bbox 1296 1471 1479 1534; x_wconf 69' lang='lat' dir='ltr'><strong>adducebant</strong></span> <span class='ocrx_word' id='word_1_171' title='bbox 1499 1471 1723 1547; x_wconf 66' lang='lat' dir='ltr'><strong>admirantibus,</strong></span> <span class='ocrx_word' id='word_1_172' title='bbox 1747 1487 1786 1534; x_wconf 73' lang='lat' dir='ltr'><strong>dx</strong></span> <span class='ocrx_word' id='word_1_173' title='bbox 1806 1471 1865 1536; x_wconf 76' lang='lat' dir='ltr'><strong>alid</strong></span> 
     </span>
     <span class='ocr_line' id='line_1_14' title="bbox 110 1549 1866 1638; baseline 0.003 -24"><span class='ocrx_word' id='word_1_174' title='bbox 110 1549 143 1612; x_wconf 84' lang='lat' dir='ltr'><strong>si</strong></span> <span class='ocrx_word' id='word_1_175' title='bbox 169 1550 270 1614; x_wconf 88' lang='lat' dir='ltr'><strong>minos</strong></span> <span class='ocrx_word' id='word_1_176' title='bbox 287 1555 445 1612; x_wconf 87' lang='lat' dir='ltr'><strong>terreretur</strong></span> <span class='ocrx_word' id='word_1_177' title='bbox 461 1550 601 1613; x_wconf 89' lang='lat' dir='ltr'><strong>humanis</strong></span> <span class='ocrx_word' id='word_1_178' title='bbox 627 1549 772 1614; x_wconf 84' lang='lat' dir='ltr'><strong>divinisve</strong></span> <span class='ocrx_word' id='word_1_179' title='bbox 790 1550 915 1628; x_wconf 81' lang='lat' dir='ltr'><strong>legibus,</strong></span> <span class='ocrx_word' id='word_1_180' title='bbox 941 1554 971 1610; x_wconf 87' lang='lat' dir='ltr'><strong>st</strong></span> <span class='ocrx_word' id='word_1_181' title='bbox 1008 1558 1079 1622; x_wconf 86' lang='lat' dir='ltr'><strong>satis</strong></span> <span class='ocrx_word' id='word_1_182' title='bbox 1097 1558 1222 1622; x_wconf 86' lang='lat' dir='ltr'><strong>distante</strong></span> <span class='ocrx_word' id='word_1_183' title='bbox 1239 1559 1372 1622; x_wconf 83' lang='lat' dir='ltr'><strong>coenobio</strong></span> <span class='ocrx_word' id='word_1_184' title='bbox 1389 1559 1544 1621; x_wconf 72' lang='lat' dir='ltr'><strong>noventur</strong></span> <span class='ocrx_word' id='word_1_185' title='bbox 1564 1566 1651 1638; x_wconf 88' lang='lat' dir='ltr'><strong>atqne</strong></span> <span class='ocrx_word' id='word_1_186' title='bbox 1672 1559 1704 1620; x_wconf 88' lang='lat' dir='ltr'><strong>in</strong></span> <span class='ocrx_word' id='word_1_187' title='bbox 1724 1576 1759 1620; x_wconf 90' lang='lat' dir='ltr'><strong>eo</strong></span> <span class='ocrx_word' id='word_1_188' title='bbox 1778 1576 1795 1620; x_wconf 84' lang='lat' dir='ltr'><strong>s</strong></span> <span class='ocrx_word' id='word_1_189' title='bbox 1817 1575 1866 1620; x_wconf 85' lang='lat' dir='ltr'><strong>ra·</strong></span> 
     </span>
     <span class='ocr_line' id='line_1_15' title="bbox 108 1639 1865 1728; baseline 0.007 -26"><span class='ocrx_word' id='word_1_190' title='bbox 108 1641 216 1703; x_wconf 87' lang='lat' dir='ltr'><strong>saltem</strong></span> <span class='ocrx_word' id='word_1_191' title='bbox 228 1641 316 1704; x_wconf 82' lang='lat' dir='ltr'><strong>tama</strong></span> <span class='ocrx_word' id='word_1_192' title='bbox 338 1657 400 1704; x_wconf 83' lang='lat' dir='ltr'><strong>snae</strong></span> <span class='ocrx_word' id='word_1_193' title='bbox 418 1642 564 1704; x_wconf 88' lang='lat' dir='ltr'><strong>rationem</strong></span> <span class='ocrx_word' id='word_1_194' title='bbox 579 1641 865 1720; x_wconf 78' lang='lat' dir='ltr'><strong>existimationisque</strong></span> <span class='ocrx_word' id='word_1_195' title='bbox 879 1639 970 1702; x_wconf 86' lang='lat' dir='ltr'><strong>habe-</strong></span> <span class='ocrx_word' id='word_1_196' title='bbox 1008 1650 1097 1728; x_wconf 75' lang='lat' dir='ltr'><strong>grone</strong></span> <span class='ocrx_word' id='word_1_197' title='bbox 1123 1651 1205 1712; x_wconf 82' lang='lat' dir='ltr'><strong>chori</strong></span> <span class='ocrx_word' id='word_1_198' title='bbox 1225 1650 1313 1726; x_wconf 74' lang='lat' dir='ltr'><strong>iusta</strong></span> <span class='ocrx_word' id='word_1_199' title='bbox 1343 1651 1454 1728; x_wconf 85' lang='lat' dir='ltr'><strong>gradus</strong></span> <span class='ocrx_word' id='word_1_200' title='bbox 1487 1650 1595 1727; x_wconf 90' lang='lat' dir='ltr'><strong>quihus</strong></span> <span class='ocrx_word' id='word_1_201' title='bbox 1629 1651 1795 1714; x_wconf 82' lang='lat' dir='ltr'><strong>ascenditur</strong></span> <span class='ocrx_word' id='word_1_202' title='bbox 1828 1650 1865 1712; x_wconf 87' lang='lat' dir='ltr'><strong>sd</strong></span> 
     </span>
     <span class='ocr_line' id='line_1_16' title="bbox 110 1733 1866 1818; baseline 0.006 -26"><span class='ocrx_word' id='word_1_203' title='bbox 110 1735 165 1804; x_wconf 86' lang='lat' dir='ltr'><strong>ret,</strong></span> <span class='ocrx_word' id='word_1_204' title='bbox 186 1745 242 1791; x_wconf 88' lang='lat' dir='ltr'><strong>nec</strong></span> <span class='ocrx_word' id='word_1_205' title='bbox 257 1735 405 1808; x_wconf 84' lang='lat' dir='ltr'><strong>pateretur</strong></span> <span class='ocrx_word' id='word_1_206' title='bbox 419 1736 478 1792; x_wconf 87' lang='lat' dir='ltr'><strong>tam</strong></span> <span class='ocrx_word' id='word_1_207' title='bbox 498 1735 571 1792; x_wconf 89' lang='lat' dir='ltr'><strong>tetro</strong></span> <span class='ocrx_word' id='word_1_208' title='bbox 591 1747 705 1793; x_wconf 85' lang='lat' dir='ltr'><strong>veneno</strong></span> <span class='ocrx_word' id='word_1_209' title='bbox 730 1748 748 1794; x_wconf 86' lang='lat' dir='ltr'><strong>a</strong></span> <span class='ocrx_word' id='word_1_210' title='bbox 769 1746 837 1808; x_wconf 86' lang='lat' dir='ltr'><strong>rege</strong></span> <span class='ocrx_word' id='word_1_211' title='bbox 860 1733 971 1807; x_wconf 86' lang='lat' dir='ltr'><strong>tempe-</strong></span> <span class='ocrx_word' id='word_1_212' title='bbox 1009 1756 1091 1802; x_wconf 82' lang='lat' dir='ltr'><strong>aram</strong></span> <span class='ocrx_word' id='word_1_213' title='bbox 1119 1740 1221 1814; x_wconf 86' lang='lat' dir='ltr'><strong>locato,</strong></span> <span class='ocrx_word' id='word_1_214' title='bbox 1251 1741 1389 1804; x_wconf 86' lang='lat' dir='ltr'><strong>omnihus</strong></span> <span class='ocrx_word' id='word_1_215' title='bbox 1412 1741 1538 1817; x_wconf 80' lang='lat' dir='ltr'><strong>hymnos</strong></span> <span class='ocrx_word' id='word_1_216' title='bbox 1560 1757 1594 1803; x_wconf 89' lang='lat' dir='ltr'><strong>so</strong></span> <span class='ocrx_word' id='word_1_217' title='bbox 1617 1740 1744 1818; x_wconf 89' lang='lat' dir='ltr'><strong>psalmos</strong></span> <span class='ocrx_word' id='word_1_218' title='bbox 1767 1741 1866 1804; x_wconf 85' lang='lat' dir='ltr'><strong>conci·</strong></span> 
     </span>
     <span class='ocr_line' id='line_1_17' title="bbox 110 1816 1868 1910; baseline -0.002 -14"><span class='ocrx_word' id='word_1_219' title='bbox 110 1818 266 1882; x_wconf 68' lang='lat' dir='ltr'><strong>aroana</strong></span> <span class='ocrx_word' id='word_1_220' title='bbox 278 1818 479 1883; x_wconf 70' lang='lat' dir='ltr'><strong>mesanum</strong></span> <span class='ocrx_word' id='word_1_221' title='bbox 499 1818 650 1898; x_wconf 75' lang='lat' dir='ltr'><strong>mestum,</strong></span> <span class='ocrx_word' id='word_1_222' title='bbox 667 1819 760 1897; x_wconf 76' lang='lat' dir='ltr'><strong>etqui</strong></span> <span class='ocrx_word' id='word_1_223' title='bbox 780 1816 898 1879; x_wconf 73' lang='lat' dir='ltr'><strong>neum</strong></span> <span class='ocrx_word' id='word_1_224' title='bbox 917 1817 998 1903; x_wconf 75' lang='lat'><em>111-13</em></span> <span class='ocrx_word' id='word_1_225' title='bbox 1010 1830 1157 1902; x_wconf 76' lang='lat' dir='ltr'><strong>neamus,</strong></span> <span class='ocrx_word' id='word_1_226' title='bbox 1181 1830 1335 1910; x_wconf 77' lang='lat' dir='ltr'><strong>mumque</strong></span> <span class='ocrx_word' id='word_1_227' title='bbox 1356 1830 1546 1894; x_wconf 75' lang='lat' dir='ltr'><strong>rauranum</strong></span> <span class='ocrx_word' id='word_1_228' title='bbox 1565 1829 1623 1894; x_wconf 75' lang='lat' dir='ltr'><strong>aar</strong></span> <span class='ocrx_word' id='word_1_229' title='bbox 1647 1833 1740 1894; x_wconf 72' lang='lat' dir='ltr'><strong>aneo</strong></span> <span class='ocrx_word' id='word_1_230' title='bbox 1761 1846 1868 1908; x_wconf 76' lang='lat' dir='ltr'><strong>udus</strong></span> 
     </span>
     <span class='ocr_line' id='line_1_18' title="bbox 110 1907 1173 1998; baseline -0.002 -27"><span class='ocrx_word' id='word_1_231' title='bbox 110 1909 183 1972; x_wconf 66' lang='lat' dir='ltr'><strong>disci</strong></span> <span class='ocrx_word' id='word_1_232' title='bbox 207 1908 327 1988; x_wconf 62' lang='lat' dir='ltr'><strong>flagitia·</strong></span> <span class='ocrx_word' id='word_1_233' title='bbox 346 1910 384 1972; x_wconf 70' lang='lat' dir='ltr'><strong>iii</strong></span> <span class='ocrx_word' id='word_1_234' title='bbox 413 1927 445 1973; x_wconf 75' lang='grc' dir='ltr'><strong>Εθ</strong></span> <span class='ocrx_word' id='word_1_235' title='bbox 471 1910 608 1987; x_wconf 75' lang='lat' dir='ltr'><strong>prinoeps</strong></span> <span class='ocrx_word' id='word_1_236' title='bbox 641 1914 740 1972; x_wconf 84' lang='lat' dir='ltr'><strong>tantus</strong></span> <span class='ocrx_word' id='word_1_237' title='bbox 767 1907 967 1984; x_wconf 62' lang='lat' dir='ltr'><strong>obstringeret·</strong></span> <span class='ocrx_word' id='word_1_238' title='bbox 1011 1920 1173 1998; x_wconf 70' lang='lat' dir='ltr'><strong>reponitur,</strong></span> 
     </span>
     <span class='ocr_line' id='line_1_19' title="bbox 110 1999 1870 2088; baseline -0.001 -14"><span class='ocrx_word' id='word_1_239' title='bbox 110 1999 306 2074; x_wconf 72' lang='lat' dir='ltr'><strong>0u⁰d⁸i11011</strong></span> <span class='ocrx_word' id='word_1_240' title='bbox 326 2001 492 2064; x_wconf 72' lang='lat' dir='ltr'><strong>fleohoetur</strong></span> <span class='ocrx_word' id='word_1_241' title='bbox 516 1999 656 2074; x_wconf 70' lang='lat' dir='ltr'><strong>wsssiliih</strong></span> <span class='ocrx_word' id='word_1_242' title='bbox 679 2000 799 2060; x_wconf 66' lang='lat' dir='ltr'><strong>hiberii</strong></span> <span class='ocrx_word' id='word_1_243' title='bbox 819 2013 871 2075; x_wconf 90' lang='lat' dir='ltr'><strong>pro</strong></span> <span class='ocrx_word' id='word_1_244' title='bbox 892 2000 969 2058; x_wconf 64' lang='grc' dir='ltr'>ῡθΐῐῡ</span> <span class='ocrx_word' id='word_1_245' title='bbox 1048 2010 1192 2072; x_wconf 72' lang='lat' dir='ltr'><strong>Gaeterm</strong></span> <span class='ocrx_word' id='word_1_246' title='bbox 1212 2007 1353 2088; x_wconf 88' lang='lat' dir='ltr'><strong>quonium</strong></span> <span class='ocrx_word' id='word_1_247' title='bbox 1371 2007 1548 2085; x_wconf 85' lang='lat' dir='ltr'><strong>amplissimi</strong></span> <span class='ocrx_word' id='word_1_248' title='bbox 1568 2009 1659 2087; x_wconf 86' lang='lat' dir='ltr'><strong>huius</strong></span> <span class='ocrx_word' id='word_1_249' title='bbox 1676 2010 1815 2076; x_wconf 76' lang='lat' dir='ltr'><strong>anthtitis</strong></span> <span class='ocrx_word' id='word_1_250' title='bbox 1835 2027 1870 2074; x_wconf 87' lang='lat' dir='ltr'><strong>nc</strong></span> 
     </span>
     <span class='ocr_line' id='line_1_20' title="bbox 104 2090 1870 2176; baseline 0 -14"><span class='ocrx_word' id='word_1_251' title='bbox 104 2093 280 2174; x_wconf 71' lang='lat' dir='ltr'><strong>pontificem</strong></span> <span class='ocrx_word' id='word_1_252' title='bbox 306 2094 369 2158; x_wconf 79' lang='lat' dir='ltr'><strong>rint</strong></span> <span class='ocrx_word' id='word_1_253' title='bbox 392 2091 617 2156; x_wconf 85' lang='lat' dir='ltr'><strong>ecclesiasticam</strong></span> <span class='ocrx_word' id='word_1_254' title='bbox 636 2090 851 2164; x_wconf 81' lang='lat' dir='ltr'><strong>ndhihiturum,</strong></span> <span class='ocrx_word' id='word_1_255' title='bbox 875 2103 971 2165; x_wconf 63' lang='lat' dir='ltr'><strong>nique</strong></span> <span class='ocrx_word' id='word_1_256' title='bbox 1014 2099 1150 2162; x_wconf 84' lang='lat' dir='ltr'><strong>monachi</strong></span> <span class='ocrx_word' id='word_1_257' title='bbox 1185 2115 1273 2176; x_wconf 88' lang='lat' dir='ltr'><strong>supra</strong></span> <span class='ocrx_word' id='word_1_258' title='bbox 1308 2099 1446 2175; x_wconf 74' lang='lat' dir='ltr'><strong>frequens</strong></span> <span class='ocrx_word' id='word_1_259' title='bbox 1481 2099 1580 2160; x_wconf 84' lang='lat' dir='ltr'><strong>hahita</strong></span> <span class='ocrx_word' id='word_1_260' title='bbox 1618 2100 1728 2162; x_wconf 82' lang='lat' dir='ltr'><strong>mendo</strong></span> <span class='ocrx_word' id='word_1_261' title='bbox 1761 2118 1778 2161; x_wconf 88' lang='lat' dir='ltr'><strong>a</strong></span> <span class='ocrx_word' id='word_1_262' title='bbox 1814 2116 1870 2162; x_wconf 82' lang='lat' dir='ltr'><strong>no-</strong></span> 
     </span>
     <span class='ocr_line' id='line_1_21' title="bbox 110 2181 1871 2267; baseline -0.005 -6"><span class='ocrx_word' id='word_1_263' title='bbox 110 2186 175 2247; x_wconf 71' lang='lat' dir='ltr'><strong>f⁰s⁹</strong></span> <span class='ocrx_word' id='word_1_264' title='bbox 189 2190 223 2246; x_wconf 77' lang='lat'><strong>¹¹¹</strong></span> <span class='ocrx_word' id='word_1_265' title='bbox 238 2183 321 2246; x_wconf 69' lang='lat' dir='ltr'><strong>fflillfl</strong></span> <span class='ocrx_word' id='word_1_266' title='bbox 335 2200 469 2262; x_wconf 90' lang='lat' dir='ltr'><strong>unquam</strong></span> <span class='ocrx_word' id='word_1_267' title='bbox 489 2184 626 2246; x_wconf 50' lang='lat' dir='ltr'><strong>manib&amp;</strong></span> <span class='ocrx_word' id='word_1_268' title='bbox 642 2189 868 2245; x_wconf 57' lang='lat' dir='ltr'><strong>emerammi·</strong></span> <span class='ocrx_word' id='word_1_269' title='bbox 888 2181 971 2242; x_wconf 69' lang='lat' dir='ltr'><strong>Hanc</strong></span> <span class='ocrx_word' id='word_1_270' title='bbox 1013 2192 1060 2256; x_wconf 85' lang='lat' dir='ltr'><strong>bis</strong></span> <span class='ocrx_word' id='word_1_271' title='bbox 1076 2196 1128 2264; x_wconf 89' lang='lat' dir='ltr'><strong>est,</strong></span> <span class='ocrx_word' id='word_1_272' title='bbox 1148 2195 1177 2251; x_wconf 88' lang='lat' dir='ltr'><strong>et</strong></span> <span class='ocrx_word' id='word_1_273' title='bbox 1193 2191 1225 2252; x_wconf 92' lang='lat' dir='ltr'><strong>in</strong></span> <span class='ocrx_word' id='word_1_274' title='bbox 1246 2192 1327 2252; x_wconf 90' lang='lat' dir='ltr'><strong>hunc</strong></span> <span class='ocrx_word' id='word_1_275' title='bbox 1350 2206 1462 2254; x_wconf 88' lang='lat' dir='ltr'><strong>annum</strong></span> <span class='ocrx_word' id='word_1_276' title='bbox 1485 2190 1549 2266; x_wconf 79' lang='lat' dir='ltr'><strong>eius</strong></span> <span class='ocrx_word' id='word_1_277' title='bbox 1571 2189 1697 2252; x_wconf 80' lang='lat' dir='ltr'><strong>incurrit</strong></span> <span class='ocrx_word' id='word_1_278' title='bbox 1723 2190 1871 2267; x_wconf 89' lang='lat' dir='ltr'><strong>interitus,</strong></span> 
     </span>
     <span class='ocr_line' id='line_1_22' title="bbox 111 2271 1873 2358; baseline 0.005 -22"><span class='ocrx_word' id='word_1_279' title='bbox 111 2275 285 2343; x_wconf 81' lang='lat' dir='ltr'><strong>orationem,</strong></span> <span class='ocrx_word' id='word_1_280' title='bbox 306 2274 448 2351; x_wconf 70' lang='lat' dir='ltr'><strong>maxima</strong></span> <span class='ocrx_word' id='word_1_281' title='bbox 472 2279 505 2338; x_wconf 89' lang='lat' dir='ltr'><strong>ut</strong></span> <span class='ocrx_word' id='word_1_282' title='bbox 525 2275 624 2354; x_wconf 89' lang='lat' dir='ltr'><strong>inquit</strong></span> <span class='ocrx_word' id='word_1_283' title='bbox 638 2273 830 2345; x_wconf 83' lang='lat' dir='ltr'><strong>Trithemius,</strong></span> <span class='ocrx_word' id='word_1_284' title='bbox 845 2271 971 2334; x_wconf 72' lang='lat' dir='ltr'><strong>aucun·</strong></span> <span class='ocrx_word' id='word_1_285' title='bbox 1015 2295 1201 2358; x_wconf 83' lang='lat' dir='ltr'><strong>naquaquam</strong></span> <span class='ocrx_word' id='word_1_286' title='bbox 1224 2280 1384 2355; x_wconf 86' lang='lat' dir='ltr'><strong>ingratum,</strong></span> <span class='ocrx_word' id='word_1_287' title='bbox 1404 2287 1438 2344; x_wconf 92' lang='lat' dir='ltr'><strong>ut</strong></span> <span class='ocrx_word' id='word_1_288' title='bbox 1459 2285 1540 2355; x_wconf 91' lang='lat' dir='ltr'><strong>puto,</strong></span> <span class='ocrx_word' id='word_1_289' title='bbox 1559 2279 1648 2344; x_wconf 82' lang='lat' dir='ltr'><strong>merit</strong></span> <span class='ocrx_word' id='word_1_290' title='bbox 1673 2295 1727 2342; x_wconf 88' lang='lat' dir='ltr'><strong>nec</strong></span> <span class='ocrx_word' id='word_1_291' title='bbox 1751 2281 1873 2342; x_wconf 82' lang='lat' dir='ltr'><strong>omnmo</strong></span> 
     </span>
     <span class='ocr_line' id='line_1_23' title="bbox 113 2361 1873 2448; baseline 0.002 -22"><span class='ocrx_word' id='word_1_292' title='bbox 113 2371 172 2426; x_wconf 86' lang='lat' dir='ltr'><strong>tate</strong></span> <span class='ocrx_word' id='word_1_293' title='bbox 192 2381 226 2426; x_wconf 91' lang='lat' dir='ltr'><strong>ac</strong></span> <span class='ocrx_word' id='word_1_294' title='bbox 246 2364 388 2442; x_wconf 73' lang='lat' dir='ltr'><strong>mpientia</strong></span> <span class='ocrx_word' id='word_1_295' title='bbox 413 2365 544 2428; x_wconf 85' lang='lat' dir='ltr'><strong>habitam</strong></span> <span class='ocrx_word' id='word_1_296' title='bbox 566 2372 673 2429; x_wconf 77' lang='lat' dir='ltr'><strong>secutae</strong></span> <span class='ocrx_word' id='word_1_297' title='bbox 688 2369 759 2427; x_wconf 89' lang='lat' dir='ltr'><strong>sunt</strong></span> <span class='ocrx_word' id='word_1_298' title='bbox 773 2379 877 2438; x_wconf 81' lang='lat' dir='ltr'><strong>graves</strong></span> <span class='ocrx_word' id='word_1_299' title='bbox 890 2361 972 2438; x_wconf 91' lang='lat' dir='ltr'><strong>prin·</strong></span> <span class='ocrx_word' id='word_1_300' title='bbox 1015 2391 1034 2435; x_wconf 77' lang='lat' dir='ltr'><strong>d</strong></span> <span class='ocrx_word' id='word_1_301' title='bbox 1056 2379 1154 2436; x_wconf 70' lang='lat' dir='ltr'><strong>dodim</strong></span> <span class='ocrx_word' id='word_1_302' title='bbox 1176 2374 1309 2438; x_wconf 74' lang='lat' dir='ltr'><strong>ididiuid</strong></span> <span class='ocrx_word' id='word_1_303' title='bbox 1330 2375 1462 2437; x_wconf 69' lang='lat' dir='ltr'><strong>ddjedum</strong></span> <span class='ocrx_word' id='word_1_304' title='bbox 1484 2375 1521 2436; x_wconf 75' lang='lat' dir='ltr'><strong>dd</strong></span> <span class='ocrx_word' id='word_1_305' title='bbox 1542 2373 1594 2435; x_wconf 84' lang='lat' dir='ltr'><strong>ilio</strong></span> <span class='ocrx_word' id='word_1_306' title='bbox 1622 2373 1760 2448; x_wconf 71' lang='lat' dir='ltr'><strong>quaemm</strong></span> <span class='ocrx_word' id='word_1_307' title='bbox 1786 2371 1873 2448; x_wconf 84' lang='lat' dir='ltr'><strong>paulo</strong></span> 
     </span>
     <span class='ocr_line' id='line_1_24' title="bbox 114 2453 1875 2538; baseline 0.003 -23"><span class='ocrx_word' id='word_1_308' title='bbox 114 2454 215 2531; x_wconf 88' lang='lat' dir='ltr'><strong>cipum</strong></span> <span class='ocrx_word' id='word_1_309' title='bbox 236 2453 289 2532; x_wconf 93' lang='lat' dir='ltr'><strong>qui</strong></span> <span class='ocrx_word' id='word_1_310' title='bbox 309 2455 429 2519; x_wconf 80' lang='lat' dir='ltr'><strong>aderam</strong></span> <span class='ocrx_word' id='word_1_311' title='bbox 446 2473 547 2519; x_wconf 82' lang='lat' dir='ltr'><strong>rores:</strong></span> <span class='ocrx_word' id='word_1_312' title='bbox 559 2472 645 2536; x_wconf 78' lang='lat' dir='ltr'><strong>aqua</strong></span> <span class='ocrx_word' id='word_1_313' title='bbox 665 2458 833 2520; x_wconf 86' lang='lat' dir='ltr'><strong>Romanum</strong></span> <span class='ocrx_word' id='word_1_314' title='bbox 852 2454 974 2532; x_wconf 89' lang='lat' dir='ltr'><strong>pontifi-</strong></span> <span class='ocrx_word' id='word_1_315' title='bbox 1016 2465 1183 2528; x_wconf 65' lang='lat' dir='ltr'><strong>medendus</strong></span> <span class='ocrx_word' id='word_1_316' title='bbox 1197 2463 1334 2526; x_wconf 66' lang='lat' dir='ltr'><strong>munere.</strong></span> <span class='ocrx_word' id='word_1_317' title='bbox 1348 2463 1416 2538; x_wconf 78' lang='lat' dir='ltr'><strong>idid,</strong></span> <span class='ocrx_word' id='word_1_318' title='bbox 1432 2468 1467 2526; x_wconf 85' lang='lat' dir='ltr'><strong>ut</strong></span> <span class='ocrx_word' id='word_1_319' title='bbox 1479 2463 1630 2526; x_wconf 75' lang='lat' dir='ltr'><strong>memoriis</strong></span> <span class='ocrx_word' id='word_1_320' title='bbox 1642 2461 1738 2538; x_wconf 83' lang='lat' dir='ltr'><strong>prodit</strong></span> <span class='ocrx_word' id='word_1_321' title='bbox 1747 2461 1875 2526; x_wconf 79' lang='lat' dir='ltr'><strong>ioannes</strong></span> 
     </span>
     <span class='ocr_line' id='line_1_25' title="bbox 115 2545 1874 2629; baseline -0.004 -10"><span class='ocrx_word' id='word_1_322' title='bbox 115 2561 181 2606; x_wconf 69' lang='lat'><strong>⁰01⁰</strong></span> <span class='ocrx_word' id='word_1_323' title='bbox 201 2545 323 2621; x_wconf 66' lang='lat' dir='ltr'><strong>iuberet</strong></span> <span class='ocrx_word' id='word_1_324' title='bbox 347 2548 476 2607; x_wconf 76' lang='lat' dir='ltr'><strong>11⁰fflissi⁸</strong></span> <span class='ocrx_word' id='word_1_325' title='bbox 499 2548 572 2624; x_wconf 70' lang='lat' dir='ltr'><strong>legii</strong></span> <span class='ocrx_word' id='word_1_326' title='bbox 594 2549 774 2625; x_wconf 70' lang='lat' dir='ltr'><strong>mejeiteleffl</strong></span> <span class='ocrx_word' id='word_1_327' title='bbox 798 2554 857 2608; x_wconf 76' lang='lat' dir='ltr'><strong>hm</strong></span> <span class='ocrx_word' id='word_1_328' title='bbox 881 2546 975 2622; x_wconf 90' lang='lat' dir='ltr'><strong>turpis</strong></span> <span class='ocrx_word' id='word_1_329' title='bbox 1017 2556 1189 2628; x_wconf 90' lang='lat' dir='ltr'><strong>monachus,</strong></span> <span class='ocrx_word' id='word_1_330' title='bbox 1210 2553 1262 2628; x_wconf 91' lang='lat' dir='ltr'><strong>qui</strong></span> <span class='ocrx_word' id='word_1_331' title='bbox 1288 2552 1351 2629; x_wconf 83' lang='lat' dir='ltr'><strong>ejus</strong></span> <span class='ocrx_word' id='word_1_332' title='bbox 1374 2550 1533 2627; x_wconf 88' lang='lat' dir='ltr'><strong>aliquande</strong></span> <span class='ocrx_word' id='word_1_333' title='bbox 1548 2565 1647 2616; x_wconf 73' lang='lat' dir='ltr'><strong>conice</strong></span> <span class='ocrx_word' id='word_1_334' title='bbox 1664 2550 1721 2612; x_wconf 83' lang='lat' dir='ltr'><strong>nsit</strong></span> <span class='ocrx_word' id='word_1_335' title='bbox 1736 2555 1766 2610; x_wconf 87' lang='lat' dir='ltr'><strong>et</strong></span> <span class='ocrx_word' id='word_1_336' title='bbox 1784 2549 1874 2612; x_wconf 79' lang='lat' dir='ltr'><strong>utem</strong></span> 
     </span>
     <span class='ocr_line' id='line_1_26' title="bbox 115 2634 1877 2722; baseline 0.002 -25"><span class='ocrx_word' id='word_1_337' title='bbox 115 2635 185 2698; x_wconf 78' lang='lat' dir='ltr'><strong>heti</strong></span> <span class='ocrx_word' id='word_1_338' title='bbox 205 2635 271 2696; x_wconf 90' lang='lat' dir='ltr'><strong>lahe</strong></span> <span class='ocrx_word' id='word_1_339' title='bbox 287 2651 326 2696; x_wconf 89' lang='lat' dir='ltr'><strong>ne</strong></span> <span class='ocrx_word' id='word_1_340' title='bbox 347 2637 581 2711; x_wconf 83' lang='lat' dir='ltr'><strong>commacularet,</strong></span> <span class='ocrx_word' id='word_1_341' title='bbox 601 2653 661 2698; x_wconf 86' lang='lat' dir='ltr'><strong>neu</strong></span> <span class='ocrx_word' id='word_1_342' title='bbox 682 2636 849 2718; x_wconf 79' lang='lat' dir='ltr'><strong>parentihus</strong></span> <span class='ocrx_word' id='word_1_343' title='bbox 865 2634 975 2711; x_wconf 78' lang='lat' dir='ltr'><strong>ragina</strong></span> <span class='ocrx_word' id='word_1_344' title='bbox 1018 2643 1181 2718; x_wconf 67' lang='lat' dir='ltr'><strong>assmpsit,</strong></span> <span class='ocrx_word' id='word_1_345' title='bbox 1211 2642 1361 2706; x_wconf 75' lang='lat' dir='ltr'><strong>limenun</strong></span> <span class='ocrx_word' id='word_1_346' title='bbox 1389 2641 1512 2722; x_wconf 67' lang='grc' dir='ltr'>οδωιιιιι</span> <span class='ocrx_word' id='word_1_347' title='bbox 1537 2646 1654 2717; x_wconf 86' lang='lat' dir='ltr'><strong>propter</strong></span> <span class='ocrx_word' id='word_1_348' title='bbox 1678 2644 1877 2717; x_wconf 85' lang='lat' dir='ltr'><strong>psupertstcm</strong></span> 
     </span>
     <span class='ocr_line' id='line_1_27' title="bbox 116 2723 1878 2809; baseline 0.004 -21"><span class='ocrx_word' id='word_1_349' title='bbox 116 2741 236 2788; x_wconf 78' lang='lat' dir='ltr'><strong>musam</strong></span> <span class='ocrx_word' id='word_1_350' title='bbox 261 2724 431 2786; x_wconf 77' lang='lat' dir='ltr'><strong>delusionis</strong></span> <span class='ocrx_word' id='word_1_351' title='bbox 458 2723 609 2801; x_wconf 76' lang='lat' dir='ltr'><strong>praehemt,</strong></span> <span class='ocrx_word' id='word_1_352' title='bbox 639 2732 667 2786; x_wconf 91' lang='lat' dir='ltr'><strong>et</strong></span> <span class='ocrx_word' id='word_1_353' title='bbox 688 2726 798 2802; x_wconf 83' lang='lat' dir='ltr'><strong>justam</strong></span> <span class='ocrx_word' id='word_1_354' title='bbox 824 2723 977 2788; x_wconf 77' lang='lat' dir='ltr'><strong>turbandae</strong></span> <span class='ocrx_word' id='word_1_355' title='bbox 1019 2734 1094 2808; x_wconf 76' lang='lat'><strong>1000,</strong></span> <span class='ocrx_word' id='word_1_356' title='bbox 1111 2734 1162 2795; x_wconf 75' lang='lat' dir='ltr'><strong>ssd</strong></span> <span class='ocrx_word' id='word_1_357' title='bbox 1179 2732 1310 2808; x_wconf 84' lang='lat' dir='ltr'><strong>ingenuo</strong></span> <span class='ocrx_word' id='word_1_358' title='bbox 1328 2738 1432 2805; x_wconf 86' lang='lat' dir='ltr'><strong>natus;</strong></span> <span class='ocrx_word' id='word_1_359' title='bbox 1453 2738 1523 2794; x_wconf 90' lang='lat' dir='ltr'><strong>sunt</strong></span> <span class='ocrx_word' id='word_1_360' title='bbox 1540 2737 1637 2794; x_wconf 73' lang='lat' dir='ltr'><strong>umen</strong></span> <span class='ocrx_word' id='word_1_361' title='bbox 1653 2731 1706 2809; x_wconf 90' lang='lat' dir='ltr'><strong>qui</strong></span> <span class='ocrx_word' id='word_1_362' title='bbox 1721 2745 1760 2792; x_wconf 80' lang='lat' dir='ltr'><strong>ex</strong></span> <span class='ocrx_word' id='word_1_363' title='bbox 1784 2729 1878 2794; x_wconf 73' lang='lat' dir='ltr'><strong>noch</strong></span> 
     </span>
     <span class='ocr_line' id='line_1_28' title="bbox 116 2815 1877 2897; baseline -0.003 -9"><span class='ocrx_word' id='word_1_364' title='bbox 116 2815 289 2893; x_wconf 75' lang='lat' dir='ltr'><strong>reipublicae</strong></span> <span class='ocrx_word' id='word_1_365' title='bbox 311 2818 511 2894; x_wconf 60' lang='lat' dir='ltr'><strong>montilli</strong></span> <span class='ocrx_word' id='word_1_366' title='bbox 530 2817 591 2894; x_wconf 77' lang='lat' dir='ltr'><strong>itui.</strong></span> <span class='ocrx_word' id='word_1_367' title='bbox 611 2817 638 2879; x_wconf 74' lang='lat' dir='ltr'><strong>Si</strong></span> <span class='ocrx_word' id='word_1_368' title='bbox 657 2817 715 2878; x_wconf 74' lang='lat' dir='ltr'><strong>viti</strong></span> <span class='ocrx_word' id='word_1_369' title='bbox 728 2824 824 2880; x_wconf 64' lang='lat' dir='ltr'><strong>wirnt</strong></span> <span class='ocrx_word' id='word_1_370' title='bbox 837 2817 889 2893; x_wconf 72' lang='lat' dir='ltr'><strong>(lui</strong></span> <span class='ocrx_word' id='word_1_371' title='bbox 908 2818 975 2892; x_wconf 87' lang='lat' dir='ltr'><strong>plu·</strong></span> <span class='ocrx_word' id='word_1_372' title='bbox 1019 2823 1218 2886; x_wconf 85' lang='lat' dir='ltr'><strong>Honesterum</strong></span> <span class='ocrx_word' id='word_1_373' title='bbox 1231 2822 1343 2886; x_wconf 79' lang='lat' dir='ltr'><strong>nmilia</strong></span> <span class='ocrx_word' id='word_1_374' title='bbox 1355 2828 1454 2886; x_wconf 89' lang='lat' dir='ltr'><strong>crtum</strong></span> <span class='ocrx_word' id='word_1_375' title='bbox 1467 2827 1589 2897; x_wconf 87' lang='lat' dir='ltr'><strong>putsnt;</strong></span> <span class='ocrx_word' id='word_1_376' title='bbox 1603 2835 1708 2884; x_wconf 77' lang='lat' dir='ltr'><strong>rerum</strong></span> <span class='ocrx_word' id='word_1_377' title='bbox 1721 2820 1877 2894; x_wconf 74' lang='lat' dir='ltr'><strong>nhunnrr,</strong></span> 
     </span>
     <span class='ocr_line' id='line_1_29' title="bbox 117 2909 1878 2989; baseline -0.001 -15"><span class='ocrx_word' id='word_1_378' title='bbox 117 2909 229 2974; x_wconf 71' lang='lat' dir='ltr'><strong>amum</strong></span> <span class='ocrx_word' id='word_1_379' title='bbox 241 2915 370 2985; x_wconf 86' lang='lat' dir='ltr'><strong>possent,</strong></span> <span class='ocrx_word' id='word_1_380' title='bbox 381 2913 411 2972; x_wconf 88' lang='lat' dir='ltr'><strong>et</strong></span> <span class='ocrx_word' id='word_1_381' title='bbox 424 2909 658 2972; x_wconf 86' lang='lat' dir='ltr'><strong>militestarmis</strong></span> <span class='ocrx_word' id='word_1_382' title='bbox 670 2916 729 2974; x_wconf 77' lang='lat' dir='ltr'><strong>um</strong></span> <span class='ocrx_word' id='word_1_383' title='bbox 742 2910 889 2986; x_wconf 80' lang='lat' dir='ltr'><strong>insignem</strong></span> <span class='ocrx_word' id='word_1_384' title='bbox 905 2909 977 2972; x_wconf 82' lang='lat' dir='ltr'><strong>ena</strong></span> <span class='ocrx_word' id='word_1_385' title='bbox 1020 2929 1091 2978; x_wconf 88' lang='lat' dir='ltr'><strong>cum</strong></span> <span class='ocrx_word' id='word_1_386' title='bbox 1111 2914 1142 2976; x_wconf 87' lang='lat' dir='ltr'><strong>id</strong></span> <span class='ocrx_word' id='word_1_387' title='bbox 1159 2913 1242 2974; x_wconf 83' lang='lat' dir='ltr'><strong>Petro</strong></span> <span class='ocrx_word' id='word_1_388' title='bbox 1260 2913 1402 2989; x_wconf 76' lang='lat' dir='ltr'><strong>peccamri</strong></span> <span class='ocrx_word' id='word_1_389' title='bbox 1420 2912 1593 2984; x_wconf 80' lang='lat' dir='ltr'><strong>cenvenint3</strong></span> <span class='ocrx_word' id='word_1_390' title='bbox 1611 2911 1766 2989; x_wconf 78' lang='lat' dir='ltr'><strong>diligenter</strong></span> <span class='ocrx_word' id='word_1_391' title='bbox 1781 2910 1878 2972; x_wconf 92' lang='lat' dir='ltr'><strong>crnni·</strong></span> 
     </span>
     <span class='ocr_line' id='line_1_30' title="bbox 117 2996 1880 3077; baseline 0 -16"><span class='ocrx_word' id='word_1_392' title='bbox 117 2998 326 3061; x_wconf 82' lang='lat' dir='ltr'><strong>oontumelianr</strong></span> <span class='ocrx_word' id='word_1_393' title='bbox 347 2999 485 3074; x_wconf 80' lang='lat' dir='ltr'><strong>praciam</strong></span> <span class='ocrx_word' id='word_1_394' title='bbox 508 2999 608 3075; x_wconf 90' lang='lat' dir='ltr'><strong>aliquo</strong></span> <span class='ocrx_word' id='word_1_395' title='bbox 625 2999 753 3062; x_wconf 83' lang='lat' dir='ltr'><strong>facinore</strong></span> <span class='ocrx_word' id='word_1_396' title='bbox 767 2998 857 3060; x_wconf 91' lang='lat' dir='ltr'><strong>dohie</strong></span> <span class='ocrx_word' id='word_1_397' title='bbox 876 2996 978 3075; x_wconf 89' lang='lat' dir='ltr'><strong>procul</strong></span> <span class='ocrx_word' id='word_1_398' title='bbox 1020 3004 1079 3068; x_wconf 90' lang='lat' dir='ltr'><strong>hus</strong></span> <span class='ocrx_word' id='word_1_399' title='bbox 1093 3003 1242 3066; x_wconf 72' lang='lat' dir='ltr'><strong>chedtatis</strong></span> <span class='ocrx_word' id='word_1_400' title='bbox 1259 3002 1362 3065; x_wconf 84' lang='lat' dir='ltr'><strong>officiis</strong></span> <span class='ocrx_word' id='word_1_401' title='bbox 1381 3001 1558 3064; x_wconf 86' lang='lat' dir='ltr'><strong>ailamiann</strong></span> <span class='ocrx_word' id='word_1_402' title='bbox 1576 3002 1665 3063; x_wconf 81' lang='lat' dir='ltr'><strong>tratre</strong></span> <span class='ocrx_word' id='word_1_403' title='bbox 1681 3007 1754 3063; x_wconf 91' lang='lat' dir='ltr'><strong>natu</strong></span> <span class='ocrx_word' id='word_1_404' title='bbox 1770 3001 1880 3077; x_wconf 82' lang='lat' dir='ltr'><strong>majore</strong></span> 
     </span>
     <span class='ocr_line' id='line_1_31' title="bbox 118 3086 1882 3166; baseline 0.002 -18"><span class='ocrx_word' id='word_1_405' title='bbox 118 3087 277 3163; x_wconf 78' lang='lat' dir='ltr'><strong>expiaturi,</strong></span> <span class='ocrx_word' id='word_1_406' title='bbox 296 3092 326 3148; x_wconf 91' lang='lat' dir='ltr'><strong>et</strong></span> <span class='ocrx_word' id='word_1_407' title='bbox 340 3088 481 3150; x_wconf 87' lang='lat' dir='ltr'><strong>acerrime</strong></span> <span class='ocrx_word' id='word_1_408' title='bbox 499 3104 552 3164; x_wconf 92' lang='lat' dir='ltr'><strong>pro</strong></span> <span class='ocrx_word' id='word_1_409' title='bbox 566 3087 672 3164; x_wconf 84' lang='lat' dir='ltr'><strong>opibus</strong></span> <span class='ocrx_word' id='word_1_410' title='bbox 694 3086 873 3152; x_wconf 79' lang='lat' dir='ltr'><strong>rindioeturi</strong></span> <span class='ocrx_word' id='word_1_411' title='bbox 898 3087 978 3148; x_wconf 84' lang='lat' dir='ltr'><strong>ride·</strong></span> <span class='ocrx_word' id='word_1_412' title='bbox 1021 3096 1064 3158; x_wconf 80' lang='lat' dir='ltr'><strong>sid</strong></span> <span class='ocrx_word' id='word_1_413' title='bbox 1087 3094 1216 3158; x_wconf 71' lang='lat' dir='ltr'><strong>aduitus</strong></span> <span class='ocrx_word' id='word_1_414' title='bbox 1230 3108 1265 3154; x_wconf 80' lang='lat' dir='ltr'><strong>aa</strong></span> <span class='ocrx_word' id='word_1_415' title='bbox 1282 3093 1368 3155; x_wconf 72' lang='lat' dir='ltr'><strong>houm</strong></span> <span class='ocrx_word' id='word_1_416' title='bbox 1380 3093 1484 3154; x_wconf 82' lang='lat' dir='ltr'><strong>litteris</strong></span> <span class='ocrx_word' id='word_1_417' title='bbox 1502 3092 1637 3155; x_wconf 83' lang='lat' dir='ltr'><strong>imbutos</strong></span> <span class='ocrx_word' id='word_1_418' title='bbox 1656 3096 1711 3166; x_wconf 87' lang='lat' dir='ltr'><strong>est,</strong></span> <span class='ocrx_word' id='word_1_419' title='bbox 1735 3095 1770 3152; x_wconf 89' lang='lat' dir='ltr'><strong>ut</strong></span> <span class='ocrx_word' id='word_1_420' title='bbox 1788 3089 1826 3154; x_wconf 87' lang='lat' dir='ltr'><strong>ah</strong></span> <span class='ocrx_word' id='word_1_421' title='bbox 1845 3105 1882 3152; x_wconf 87' lang='lat' dir='ltr'><strong>ee</strong></span> 
     </span>
     <span class='ocr_line' id='line_1_32' title="bbox 120 3176 1882 3276; baseline -0.002 -36"><span class='ocrx_word' id='word_1_422' title='bbox 120 3183 232 3240; x_wconf 69' lang='lat' dir='ltr'><strong>rentum</strong></span> <span class='ocrx_word' id='word_1_423' title='bbox 247 3177 303 3240; x_wconf 88' lang='lat' dir='ltr'><strong>His</strong></span> <span class='ocrx_word' id='word_1_424' title='bbox 315 3178 424 3240; x_wconf 78' lang='lat' dir='ltr'><strong>imctns</strong></span> <span class='ocrx_word' id='word_1_425' title='bbox 439 3177 605 3239; x_wconf 77' lang='lat' dir='ltr'><strong>redonibus</strong></span> <span class='ocrx_word' id='word_1_426' title='bbox 625 3179 723 3254; x_wconf 89' lang='lat' dir='ltr'><strong>potius</strong></span> <span class='ocrx_word' id='word_1_427' title='bbox 742 3193 834 3253; x_wconf 86' lang='lat' dir='ltr'><strong>quam</strong></span> <span class='ocrx_word' id='word_1_428' title='bbox 848 3176 1010 3276; x_wconf 74' lang='lat' dir='ltr'><strong>inflexusc</strong></span> <span class='ocrx_word' id='word_1_429' title='bbox 1021 3183 1080 3247; x_wconf 69' lang='lat' dir='ltr'><strong>diii</strong></span> <span class='ocrx_word' id='word_1_430' title='bbox 1098 3188 1326 3260; x_wconf 68' lang='lat' dir='ltr'><strong>cognomentum</strong></span> <span class='ocrx_word' id='word_1_431' title='bbox 1343 3182 1510 3259; x_wconf 69' lang='lat' dir='ltr'><strong>ascripserit</strong></span> <span class='ocrx_word' id='word_1_432' title='bbox 1528 3179 1689 3260; x_wconf 69' lang='lat' dir='ltr'><strong>semeique</strong></span> <span class='ocrx_word' id='word_1_433' title='bbox 1704 3179 1831 3243; x_wconf 74' lang='lat' dir='ltr'><strong>selueru</strong></span> <span class='ocrx_word' id='word_1_434' title='bbox 1852 3188 1882 3241; x_wconf 88' lang='lat' dir='ltr'><strong>et</strong></span> 
     </span>
     <span class='ocr_line' id='line_1_33' title="bbox 121 3266 1882 3350; baseline -0.002 -19"><span class='ocrx_word' id='word_1_435' title='bbox 121 3269 277 3344; x_wconf 85' lang='lat' dir='ltr'><strong>Henricus,</strong></span> <span class='ocrx_word' id='word_1_436' title='bbox 294 3285 326 3330; x_wconf 88' lang='lat' dir='ltr'><strong>se</strong></span> <span class='ocrx_word' id='word_1_437' title='bbox 339 3270 372 3330; x_wconf 92' lang='lat' dir='ltr'><strong>in</strong></span> <span class='ocrx_word' id='word_1_438' title='bbox 395 3269 543 3345; x_wconf 85' lang='lat' dir='ltr'><strong>pontilicis</strong></span> <span class='ocrx_word' id='word_1_439' title='bbox 558 3268 728 3330; x_wconf 73' lang='lat' dir='ltr'><strong>sonoritate</strong></span> <span class='ocrx_word' id='word_1_440' title='bbox 749 3268 883 3330; x_wconf 88' lang='lat' dir='ltr'><strong>loturum</strong></span> <span class='ocrx_word' id='word_1_441' title='bbox 905 3266 981 3328; x_wconf 84' lang='lat' dir='ltr'><strong>ahir-</strong></span> <span class='ocrx_word' id='word_1_442' title='bbox 1021 3274 1110 3336; x_wconf 73' lang='lat' dir='ltr'><strong>sddhi</strong></span> <span class='ocrx_word' id='word_1_443' title='bbox 1130 3272 1234 3335; x_wconf 78' lang='lat' dir='ltr'><strong>Petrus</strong></span> <span class='ocrx_word' id='word_1_444' title='bbox 1254 3272 1402 3347; x_wconf 75' lang='lat' dir='ltr'><strong>Dsmiruu,</strong></span> <span class='ocrx_word' id='word_1_445' title='bbox 1421 3273 1502 3350; x_wconf 83' lang='lat' dir='ltr'><strong>quod</strong></span> <span class='ocrx_word' id='word_1_446' title='bbox 1524 3272 1680 3349; x_wconf 75' lang='lat' dir='ltr'><strong>maugisse</strong></span> <span class='ocrx_word' id='word_1_447' title='bbox 1701 3271 1734 3331; x_wconf 89' lang='lat' dir='ltr'><strong>in</strong></span> <span class='ocrx_word' id='word_1_448' title='bbox 1756 3268 1882 3332; x_wconf 83' lang='lat' dir='ltr'><strong>Eusebio</strong></span> 
     </span>
     <span class='ocr_line' id='line_1_34' title="bbox 121 3355 1882 3439; baseline 0 -17"><span class='ocrx_word' id='word_1_449' title='bbox 121 3359 224 3432; x_wconf 73' lang='lat' dir='ltr'><strong>merit,</strong></span> <span class='ocrx_word' id='word_1_450' title='bbox 245 3365 332 3436; x_wconf 70' lang='lat' dir='ltr'><strong>aune</strong></span> <span class='ocrx_word' id='word_1_451' title='bbox 349 3362 429 3422; x_wconf 88' lang='lat' dir='ltr'><strong>huno</strong></span> <span class='ocrx_word' id='word_1_452' title='bbox 450 3358 555 3422; x_wconf 90' lang='lat' dir='ltr'><strong>habuit</strong></span> <span class='ocrx_word' id='word_1_453' title='bbox 574 3357 689 3420; x_wconf 80' lang='lat' dir='ltr'><strong>exitum</strong></span> <span class='ocrx_word' id='word_1_454' title='bbox 716 3356 887 3422; x_wconf 85' lang='lat' dir='ltr'><strong>Germaniae</strong></span> <span class='ocrx_word' id='word_1_455' title='bbox 904 3355 982 3418; x_wconf 88' lang='lat' dir='ltr'><strong>Petri</strong></span> <span class='ocrx_word' id='word_1_456' title='bbox 1022 3364 1194 3429; x_wconf 65' lang='lat' dir='ltr'><strong>{laudensi</strong></span> <span class='ocrx_word' id='word_1_457' title='bbox 1216 3362 1353 3439; x_wconf 85' lang='lat' dir='ltr'><strong>legimns,</strong></span> <span class='ocrx_word' id='word_1_458' title='bbox 1375 3362 1428 3438; x_wconf 92' lang='lat' dir='ltr'><strong>qni</strong></span> <span class='ocrx_word' id='word_1_459' title='bbox 1453 3380 1471 3424; x_wconf 87' lang='lat' dir='ltr'><strong>a</strong></span> <span class='ocrx_word' id='word_1_460' title='bbox 1492 3363 1646 3439; x_wconf 80' lang='lat' dir='ltr'><strong>Pamphile</strong></span> <span class='ocrx_word' id='word_1_461' title='bbox 1672 3361 1766 3422; x_wconf 86' lang='lat' dir='ltr'><strong>amico</strong></span> <span class='ocrx_word' id='word_1_462' title='bbox 1792 3359 1882 3422; x_wconf 63' lang='lat' dir='ltr'><strong>linesd</strong></span> 
     </span>
     <span class='ocr_line' id='line_1_35' title="bbox 123 3447 1882 3529; baseline -0.002 -18"><span class='ocrx_word' id='word_1_463' title='bbox 123 3448 390 3524; x_wconf 84' lang='lat' dir='ltr'><strong>Damianilegatio.</strong></span> <span class='ocrx_word' id='word_1_464' title='bbox 1023 3456 1091 3517; x_wconf 88' lang='lat' dir='ltr'><strong>hius</strong></span> <span class='ocrx_word' id='word_1_465' title='bbox 1118 3452 1265 3529; x_wconf 84' lang='lat' dir='ltr'><strong>Pamphili</strong></span> <span class='ocrx_word' id='word_1_466' title='bbox 1286 3459 1315 3513; x_wconf 91' lang='lat' dir='ltr'><strong>et</strong></span> <span class='ocrx_word' id='word_1_467' title='bbox 1340 3452 1436 3514; x_wconf 85' lang='lat' dir='ltr'><strong>vocari</strong></span> <span class='ocrx_word' id='word_1_468' title='bbox 1464 3459 1494 3512; x_wconf 89' lang='lat' dir='ltr'><strong>et</strong></span> <span class='ocrx_word' id='word_1_469' title='bbox 1521 3467 1585 3512; x_wconf 89' lang='lat' dir='ltr'><strong>esee</strong></span> <span class='ocrx_word' id='word_1_470' title='bbox 1609 3457 1751 3528; x_wconf 87' lang='lat' dir='ltr'><strong>perpetuo</strong></span> <span class='ocrx_word' id='word_1_471' title='bbox 1776 3447 1882 3520; x_wconf 70' lang='lat' dir='ltr'><strong>voluit,</strong></span> 
     </span>
     <span class='ocr_line' id='line_1_36' title="bbox 158 3535 1885 3623; baseline -0.008 -13"><span class='ocrx_word' id='word_1_472' title='bbox 158 3535 486 3610; x_wconf 68' lang='lat' dir='ltr'><strong>memorarentur</strong></span> <span class='ocrx_word' id='word_1_473' title='bbox 501 3537 863 3615; x_wconf 63' lang='lat' dir='ltr'><strong>retinentissimum</strong></span> <span class='ocrx_word' id='word_1_474' title='bbox 878 3536 983 3613; x_wconf 71' lang='lat' dir='ltr'><strong>erge</strong></span> <span class='ocrx_word' id='word_1_475' title='bbox 1022 3559 1194 3623; x_wconf 73' lang='lat' dir='ltr'><strong>qumquem</strong></span> <span class='ocrx_word' id='word_1_476' title='bbox 1220 3543 1251 3604; x_wconf 84' lang='lat' dir='ltr'><strong>in</strong></span> <span class='ocrx_word' id='word_1_477' title='bbox 1277 3542 1426 3603; x_wconf 77' lang='grc' dir='ltr'>ιιιιιιιιι</span> <span class='ocrx_word' id='word_1_478' title='bbox 1452 3541 1485 3600; x_wconf 82' lang='grc' dir='ltr'><strong>ιι</strong></span> <span class='ocrx_word' id='word_1_479' title='bbox 1510 3540 1594 3604; x_wconf 77' lang='lat' dir='ltr'><strong>nero</strong></span> <span class='ocrx_word' id='word_1_480' title='bbox 1622 3540 1756 3600; x_wconf 76' lang='lat' dir='ltr'><strong>nautam</strong></span> <span class='ocrx_word' id='word_1_481' title='bbox 1790 3542 1885 3615; x_wconf 76' lang='lat' dir='ltr'><strong>posse</strong></span> 
     </span>
     <span class='ocr_line' id='line_1_37' title="bbox 124 3627 1885 3713; baseline -0.001 -20"><span class='ocrx_word' id='word_1_482' title='bbox 124 3630 188 3693; x_wconf 88' lang='lat' dir='ltr'><strong>rius</strong></span> <span class='ocrx_word' id='word_1_483' title='bbox 213 3627 269 3694; x_wconf 84' lang='lat' dir='ltr'><strong>vti</strong></span> <span class='ocrx_word' id='word_1_484' title='bbox 289 3645 364 3706; x_wconf 88' lang='lat' dir='ltr'><strong>pepe</strong></span> <span class='ocrx_word' id='word_1_485' title='bbox 384 3628 556 3692; x_wconf 87' lang='lat' dir='ltr'><strong>Wihertum</strong></span> <span class='ocrx_word' id='word_1_486' title='bbox 578 3629 827 3706; x_wconf 85' lang='lat' dir='ltr'><strong>archiepiscopum</strong></span> <span class='ocrx_word' id='word_1_487' title='bbox 843 3628 984 3692; x_wconf 78' lang='lat' dir='ltr'><strong>narseus</strong></span> <span class='ocrx_word' id='word_1_488' title='bbox 1023 3637 1101 3713; x_wconf 90' lang='lat' dir='ltr'><strong>quod</strong></span> <span class='ocrx_word' id='word_1_489' title='bbox 1124 3635 1186 3711; x_wconf 88' lang='lat' dir='ltr'><strong>ipse</strong></span> <span class='ocrx_word' id='word_1_490' title='bbox 1210 3650 1242 3694; x_wconf 88' lang='lat' dir='ltr'><strong>se</strong></span> <span class='ocrx_word' id='word_1_491' title='bbox 1261 3638 1375 3696; x_wconf 69' lang='lat' dir='ltr'><strong>nutum</strong></span> <span class='ocrx_word' id='word_1_492' title='bbox 1398 3634 1519 3694; x_wconf 89' lang='lat' dir='ltr'><strong>Petrum</strong></span> <span class='ocrx_word' id='word_1_493' title='bbox 1542 3632 1678 3708; x_wconf 87' lang='lat' dir='ltr'><strong>appellet,</strong></span> <span class='ocrx_word' id='word_1_494' title='bbox 1700 3629 1807 3706; x_wconf 86' lang='lat' dir='ltr'><strong>reliqui</strong></span> <span class='ocrx_word' id='word_1_495' title='bbox 1827 3629 1885 3692; x_wconf 83' lang='lat' dir='ltr'><strong>ns·</strong></span> 
     </span>
     <span class='ocr_line' id='line_1_38' title="bbox 124 3719 1886 3799; baseline -0.009 -4"><span class='ocrx_word' id='word_1_496' title='bbox 124 3720 437 3799; x_wconf 62' lang='lat' dir='ltr'><strong>Wtffleudiiidi</strong></span> <span class='ocrx_word' id='word_1_497' title='bbox 451 3721 571 3786; x_wconf 69' lang='lat' dir='ltr'><strong>Petrum</strong></span> <span class='ocrx_word' id='word_1_498' title='bbox 584 3719 729 3794; x_wconf 83' lang='lat' dir='ltr'><strong>Damiani,</strong></span> <span class='ocrx_word' id='word_1_499' title='bbox 743 3720 810 3782; x_wconf 88' lang='lat' dir='ltr'><strong>licat</strong></span> <span class='ocrx_word' id='word_1_500' title='bbox 823 3724 985 3784; x_wconf 80' lang='lat' dir='ltr'><strong>auleone·</strong></span> <span class='ocrx_word' id='word_1_501' title='bbox 1024 3724 1117 3786; x_wconf 86' lang='lat' dir='ltr'><strong>misni</strong></span> <span class='ocrx_word' id='word_1_502' title='bbox 1154 3723 1329 3799; x_wconf 82' lang='lat' dir='ltr'><strong>adjungunt.</strong></span> <span class='ocrx_word' id='word_1_503' title='bbox 1356 3723 1522 3798; x_wconf 79' lang='lat' dir='ltr'><strong>Antequam</strong></span> <span class='ocrx_word' id='word_1_504' title='bbox 1561 3719 1711 3781; x_wconf 88' lang='lat' dir='ltr'><strong>cocullum</strong></span> <span class='ocrx_word' id='word_1_505' title='bbox 1745 3726 1886 3790; x_wconf 80' lang='lat' dir='ltr'><strong>sumeret,</strong></span> 
     </span>
    </p>
   </div>
   <div class='ocr_carea' id='block_1_3' title="bbox 126 3807 1994 3889">
    <p class='ocr_par' dir='ltr' id='par_1_3' title="bbox 126 3807 1994 3889">
     <span class='ocr_line' id='line_1_39' title="bbox 126 3807 1994 3889; baseline -0.006 -11"><span class='ocrx_word' id='word_1_506' title='bbox 126 3812 247 3884; x_wconf 73' lang='lat' dir='ltr'><strong>iecntnn</strong></span> <span class='ocrx_word' id='word_1_507' title='bbox 267 3811 438 3876; x_wconf 81' lang='lat' dir='ltr'><strong>Rauennam</strong></span> <span class='ocrx_word' id='word_1_508' title='bbox 453 3811 582 3884; x_wconf 86' lang='lat' dir='ltr'><strong>legatum</strong></span> <span class='ocrx_word' id='word_1_509' title='bbox 599 3809 984 3876; x_wconf 58' lang='lat' dir='ltr'><strong>marcianensium·</strong></span> <span class='ocrx_word' id='word_1_510' title='bbox 1025 3816 1116 3876; x_wconf 87' lang='lat' dir='ltr'><strong>honae</strong></span> <span class='ocrx_word' id='word_1_511' title='bbox 1136 3820 1214 3874; x_wconf 82' lang='lat' dir='ltr'><strong>artes</strong></span> <span class='ocrx_word' id='word_1_512' title='bbox 1237 3809 1518 3889; x_wconf 87' lang='lat' dir='ltr'><strong>plurimoepnhhee</strong></span> <span class='ocrx_word' id='word_1_513' title='bbox 1543 3810 1645 3872; x_wconf 86' lang='lat' dir='ltr'><strong>dnonlt</strong></span> <span class='ocrx_word' id='word_1_514' title='bbox 1668 3808 1755 3887; x_wconf 78' lang='lat' dir='ltr'><strong>stylo,</strong></span> <span class='ocrx_word' id='word_1_515' title='bbox 1778 3807 1886 3870; x_wconf 89' lang='lat' dir='ltr'><strong>utilia</strong></span> <span class='ocrx_word' id='word_1_516' title='bbox 1990 3837 1994 3846; x_wconf 74' lang='lat'>‚</span> 
     </span>
    </p>
   </div>
   <div class='ocr_carea' id='block_1_4' title="bbox 125 3897 1959 4520">
    <p class='ocr_par' dir='ltr' id='par_1_4' title="bbox 125 3897 1959 4520">
     <span class='ocr_line' id='line_1_40' title="bbox 126 3897 1887 3978; baseline -0.011 -3"><span class='ocrx_word' id='word_1_517' title='bbox 126 3899 350 3977; x_wconf 65' lang='lat' dir='ltr'><strong>manluutste</strong></span> <span class='ocrx_word' id='word_1_518' title='bbox 360 3898 474 3974; x_wconf 87' lang='lat' dir='ltr'><strong>Petrus,</strong></span> <span class='ocrx_word' id='word_1_519' title='bbox 486 3904 549 3962; x_wconf 66' lang='lat'><strong>⁰1¹⁰</strong></span> <span class='ocrx_word' id='word_1_520' title='bbox 560 3900 662 3975; x_wconf 60' lang='lat' dir='ltr'><strong>iiiiii)</strong></span> <span class='ocrx_word' id='word_1_521' title='bbox 671 3899 810 3960; x_wconf 51' lang='lat' dir='ltr'><strong>chilim</strong></span> <span class='ocrx_word' id='word_1_522' title='bbox 824 3897 984 3974; x_wconf 87' lang='lat' dir='ltr'><strong>impulsus,</strong></span> <span class='ocrx_word' id='word_1_523' title='bbox 1027 3906 1156 3967; x_wconf 73' lang='lat' dir='ltr'><strong>emunt</strong></span> <span class='ocrx_word' id='word_1_524' title='bbox 1181 3901 1327 3964; x_wconf 75' lang='lat' dir='ltr'><strong>nathanei</strong></span> <span class='ocrx_word' id='word_1_525' title='bbox 1352 3900 1526 3978; x_wconf 86' lang='lat' dir='ltr'><strong>plenissima</strong></span> <span class='ocrx_word' id='word_1_526' title='bbox 1556 3904 1695 3976; x_wconf 84' lang='lat' dir='ltr'><strong>tempora,</strong></span> <span class='ocrx_word' id='word_1_527' title='bbox 1730 3897 1800 3959; x_wconf 87' lang='lat' dir='ltr'><strong>satis</strong></span> <span class='ocrx_word' id='word_1_528' title='bbox 1827 3899 1887 3957; x_wconf 72' lang='lat' dir='ltr'><strong>ete</strong></span> 
     </span>
     <span class='ocr_line' id='line_1_41' title="bbox 126 3986 1890 4071; baseline -0.004 -18"><span class='ocrx_word' id='word_1_529' title='bbox 126 3995 194 4053; x_wconf 83' lang='lat' dir='ltr'><strong>tum</strong></span> <span class='ocrx_word' id='word_1_530' title='bbox 207 3988 359 4064; x_wconf 87' lang='lat' dir='ltr'><strong>religionis</strong></span> <span class='ocrx_word' id='word_1_531' title='bbox 372 3987 480 4063; x_wconf 89' lang='lat' dir='ltr'><strong>studio,</strong></span> <span class='ocrx_word' id='word_1_532' title='bbox 493 4003 553 4065; x_wconf 91' lang='lat' dir='ltr'><strong>qun</strong></span> <span class='ocrx_word' id='word_1_533' title='bbox 566 4003 680 4064; x_wconf 80' lang='lat' dir='ltr'><strong>semper</strong></span> <span class='ocrx_word' id='word_1_534' title='bbox 691 3987 862 4064; x_wconf 82' lang='lat' dir='ltr'><strong>llngmuerat</strong></span> <span class='ocrx_word' id='word_1_535' title='bbox 875 3988 985 4052; x_wconf 76' lang='lat' dir='ltr'><strong>munna</strong></span> <span class='ocrx_word' id='word_1_536' title='bbox 1025 3992 1215 4071; x_wconf 75' lang='lat' dir='ltr'><strong>ganhrquod</strong></span> <span class='ocrx_word' id='word_1_537' title='bbox 1243 3998 1271 4052; x_wconf 90' lang='lat' dir='ltr'><strong>st</strong></span> <span class='ocrx_word' id='word_1_538' title='bbox 1292 4006 1331 4053; x_wconf 83' lang='lat' dir='ltr'><strong>ex</strong></span> <span class='ocrx_word' id='word_1_539' title='bbox 1348 3991 1433 4053; x_wconf 92' lang='lat' dir='ltr'><strong>illius</strong></span> <span class='ocrx_word' id='word_1_540' title='bbox 1451 3988 1592 4065; x_wconf 88' lang='lat' dir='ltr'><strong>epistolis,</strong></span> <span class='ocrx_word' id='word_1_541' title='bbox 1622 4003 1696 4065; x_wconf 85' lang='lat' dir='ltr'><strong>quas</strong></span> <span class='ocrx_word' id='word_1_542' title='bbox 1717 3987 1755 4048; x_wconf 89' lang='lat' dir='ltr'><strong>ad</strong></span> <span class='ocrx_word' id='word_1_543' title='bbox 1779 3986 1890 4047; x_wconf 88' lang='lat' dir='ltr'><strong>multoe</strong></span> 
     </span>
     <span class='ocr_line' id='line_1_42' title="bbox 127 4074 1890 4158; baseline -0.003 -16"><span class='ocrx_word' id='word_1_544' title='bbox 127 4080 160 4142; x_wconf 86' lang='lat' dir='ltr'><strong>in</strong></span> <span class='ocrx_word' id='word_1_545' title='bbox 176 4079 300 4142; x_wconf 86' lang='lat' dir='ltr'><strong>modum</strong></span> <span class='ocrx_word' id='word_1_546' title='bbox 314 4079 464 4142; x_wconf 88' lang='lat' dir='ltr'><strong>incensus.</strong></span> <span class='ocrx_word' id='word_1_547' title='bbox 479 4079 672 4144; x_wconf 76' lang='lat' dir='ltr'><strong>doendentem</strong></span> <span class='ocrx_word' id='word_1_548' title='bbox 686 4079 764 4142; x_wconf 84' lang='lat' dir='ltr'><strong>cives</strong></span> <span class='ocrx_word' id='word_1_549' title='bbox 777 4077 946 4140; x_wconf 88' lang='lat' dir='ltr'><strong>humaniter</strong></span> <span class='ocrx_word' id='word_1_550' title='bbox 956 4084 987 4139; x_wconf 88' lang='lat' dir='ltr'><strong>ot</strong></span> <span class='ocrx_word' id='word_1_551' title='bbox 1027 4082 1117 4157; x_wconf 87' lang='lat' dir='ltr'><strong>misit,</strong></span> <span class='ocrx_word' id='word_1_552' title='bbox 1131 4091 1160 4144; x_wconf 88' lang='lat' dir='ltr'><strong>et</strong></span> <span class='ocrx_word' id='word_1_553' title='bbox 1179 4097 1219 4142; x_wconf 83' lang='lat' dir='ltr'><strong>ex</strong></span> <span class='ocrx_word' id='word_1_554' title='bbox 1238 4081 1322 4142; x_wconf 91' lang='lat' dir='ltr'><strong>libris</strong></span> <span class='ocrx_word' id='word_1_555' title='bbox 1345 4096 1420 4158; x_wconf 88' lang='lat' dir='ltr'><strong>quor</strong></span> <span class='ocrx_word' id='word_1_556' title='bbox 1442 4078 1568 4156; x_wconf 82' lang='lat' dir='ltr'><strong>scripsit,</strong></span> <span class='ocrx_word' id='word_1_557' title='bbox 1593 4083 1622 4138; x_wconf 84' lang='lat' dir='ltr'><strong>et</strong></span> <span class='ocrx_word' id='word_1_558' title='bbox 1641 4093 1681 4138; x_wconf 81' lang='lat' dir='ltr'><strong>ex</strong></span> <span class='ocrx_word' id='word_1_559' title='bbox 1700 4076 1738 4137; x_wconf 88' lang='lat' dir='ltr'><strong>iis</strong></span> <span class='ocrx_word' id='word_1_560' title='bbox 1758 4091 1833 4153; x_wconf 84' lang='lat' dir='ltr'><strong>ques</strong></span> <span class='ocrx_word' id='word_1_561' title='bbox 1851 4074 1890 4136; x_wconf 88' lang='lat' dir='ltr'><strong>ad</strong></span> 
     </span>
     <span class='ocr_line' id='line_1_43' title="bbox 128 4165 1959 4250; baseline -0.004 -18"><span class='ocrx_word' id='word_1_562' title='bbox 128 4167 395 4233; x_wconf 81' lang='lat' dir='ltr'><strong>mmmaoomitnte</strong></span> <span class='ocrx_word' id='word_1_563' title='bbox 408 4167 986 4247; x_wconf 82' lang='lat' dir='ltr'><strong>exeepernntorunlhusqueoliiciiscnl·</strong></span> <span class='ocrx_word' id='word_1_564' title='bbox 1026 4175 1168 4250; x_wconf 88' lang='lat' dir='ltr'><strong>populum</strong></span> <span class='ocrx_word' id='word_1_565' title='bbox 1194 4172 1296 4233; x_wconf 87' lang='lat' dir='ltr'><strong>hahuit</strong></span> <span class='ocrx_word' id='word_1_566' title='bbox 1322 4169 1523 4242; x_wconf 88' lang='lat' dir='ltr'><strong>concionibus,</strong></span> <span class='ocrx_word' id='word_1_567' title='bbox 1550 4182 1722 4245; x_wconf 79' lang='lat' dir='ltr'><strong>cognoscere</strong></span> <span class='ocrx_word' id='word_1_568' title='bbox 1746 4165 1888 4227; x_wconf 75' lang='lat' dir='ltr'><strong>difficili·</strong></span> <span class='ocrx_word' id='word_1_569' title='bbox 1955 4215 1959 4224; x_wconf 80' lang='lat'>.</span> 
     </span>
     <span class='ocr_line' id='line_1_44' title="bbox 125 4254 1891 4336; baseline -0.006 -12"><span class='ocrx_word' id='word_1_570' title='bbox 125 4267 195 4324; x_wconf 81' lang='lat' dir='ltr'><strong>inm</strong></span> <span class='ocrx_word' id='word_1_571' title='bbox 213 4258 342 4336; x_wconf 77' lang='lat' dir='ltr'><strong>benigm</strong></span> <span class='ocrx_word' id='word_1_572' title='bbox 357 4260 515 4328; x_wconf 86' lang='lat' dir='ltr'><strong>audierunt</strong></span> <span class='ocrx_word' id='word_1_573' title='bbox 534 4260 571 4321; x_wconf 88' lang='lat' dir='ltr'><strong>de</strong></span> <span class='ocrx_word' id='word_1_574' title='bbox 587 4257 716 4322; x_wconf 81' lang='lat' dir='ltr'><strong>Wilrerti</strong></span> <span class='ocrx_word' id='word_1_575' title='bbox 729 4258 877 4335; x_wconf 84' lang='lat' dir='ltr'><strong>impietate</strong></span> <span class='ocrx_word' id='word_1_576' title='bbox 894 4259 986 4322; x_wconf 85' lang='lat' dir='ltr'><strong>diese-</strong></span> <span class='ocrx_word' id='word_1_577' title='bbox 1027 4279 1109 4325; x_wconf 89' lang='lat' dir='ltr'><strong>mum</strong></span> <span class='ocrx_word' id='word_1_578' title='bbox 1133 4278 1194 4323; x_wconf 93' lang='lat' dir='ltr'><strong>non</strong></span> <span class='ocrx_word' id='word_1_579' title='bbox 1220 4265 1273 4322; x_wconf 86' lang='lat' dir='ltr'><strong>est.</strong></span> <span class='ocrx_word' id='word_1_580' title='bbox 1305 4260 1352 4322; x_wconf 81' lang='lat' dir='ltr'><strong>hh</strong></span> <span class='ocrx_word' id='word_1_581' title='bbox 1378 4260 1500 4321; x_wconf 88' lang='lat' dir='ltr'><strong>ineunte</strong></span> <span class='ocrx_word' id='word_1_582' title='bbox 1524 4263 1609 4319; x_wconf 80' lang='lat' dir='ltr'><strong>miste</strong></span> <span class='ocrx_word' id='word_1_583' title='bbox 1631 4254 1735 4333; x_wconf 83' lang='lat' dir='ltr'><strong>agitari</strong></span> <span class='ocrx_word' id='word_1_584' title='bbox 1757 4255 1891 4318; x_wconf 73' lang='lat' dir='ltr'><strong>invasis</strong></span> 
     </span>
     <span class='ocr_line' id='line_1_45' title="bbox 131 4344 1890 4428; baseline -0.006 -15"><span class='ocrx_word' id='word_1_585' title='bbox 131 4358 255 4426; x_wconf 75' lang='lat' dir='ltr'><strong>unum,</strong></span> <span class='ocrx_word' id='word_1_586' title='bbox 269 4352 326 4427; x_wconf 93' lang='lat' dir='ltr'><strong>qni</strong></span> <span class='ocrx_word' id='word_1_587' title='bbox 342 4349 612 4428; x_wconf 64' lang='lat' dir='ltr'><strong>meruiudieio,</strong></span> <span class='ocrx_word' id='word_1_588' title='bbox 633 4350 822 4426; x_wconf 84' lang='lat' dir='ltr'><strong>neglectaque</strong></span> <span class='ocrx_word' id='word_1_589' title='bbox 836 4349 985 4425; x_wconf 88' lang='lat' dir='ltr'><strong>religione,</strong></span> <span class='ocrx_word' id='word_1_590' title='bbox 1027 4352 1123 4427; x_wconf 85' lang='lat' dir='ltr'><strong>eoepit.</strong></span> <span class='ocrx_word' id='word_1_591' title='bbox 1147 4351 1222 4412; x_wconf 79' lang='lat' dir='ltr'><strong>dom</strong></span> <span class='ocrx_word' id='word_1_592' title='bbox 1246 4350 1326 4410; x_wconf 89' lang='lat' dir='ltr'><strong>enim</strong></span> <span class='ocrx_word' id='word_1_593' title='bbox 1345 4355 1437 4410; x_wconf 85' lang='lat' dir='ltr'><strong>mater</strong></span> <span class='ocrx_word' id='word_1_594' title='bbox 1456 4354 1521 4425; x_wconf 90' lang='lat' dir='ltr'><strong>post</strong></span> <span class='ocrx_word' id='word_1_595' title='bbox 1545 4346 1688 4424; x_wconf 84' lang='lat' dir='ltr'><strong>plurimos</strong></span> <span class='ocrx_word' id='word_1_596' title='bbox 1709 4346 1788 4407; x_wconf 85' lang='lat' dir='ltr'><strong>illios</strong></span> <span class='ocrx_word' id='word_1_597' title='bbox 1810 4344 1890 4405; x_wconf 87' lang='lat' dir='ltr'><strong>hunc</strong></span> 
     </span>
     <span class='ocr_line' id='line_1_46' title="bbox 132 4434 1890 4520; baseline -0.006 -17"><span class='ocrx_word' id='word_1_598' title='bbox 132 4440 255 4504; x_wconf 85' lang='lat' dir='ltr'><strong>ilenrioi</strong></span> <span class='ocrx_word' id='word_1_599' title='bbox 283 4448 380 4517; x_wconf 77' lang='lat' dir='ltr'><strong>pnnoe</strong></span> <span class='ocrx_word' id='word_1_600' title='bbox 412 4448 530 4510; x_wconf 68' lang='lat' dir='ltr'><strong>mutuo</strong></span> <span class='ocrx_word' id='word_1_601' title='bbox 559 4440 718 4506; x_wconf 78' lang='lat' dir='ltr'><strong>sidorum.</strong></span> <span class='ocrx_word' id='word_1_602' title='bbox 746 4439 850 4515; x_wconf 87' lang='lat' dir='ltr'><strong>ltaque</strong></span> <span class='ocrx_word' id='word_1_603' title='bbox 878 4438 988 4504; x_wconf 85' lang='lat' dir='ltr'><strong>horteri</strong></span> <span class='ocrx_word' id='word_1_604' title='bbox 1028 4441 1176 4520; x_wconf 81' lang='lat' dir='ltr'><strong>genuisset</strong></span> <span class='ocrx_word' id='word_1_605' title='bbox 1200 4447 1391 4518; x_wconf 80' lang='lat' dir='ltr'><strong>poshenmm,</strong></span> <span class='ocrx_word' id='word_1_606' title='bbox 1414 4440 1601 4516; x_wconf 86' lang='lat' dir='ltr'><strong>quadamque</strong></span> <span class='ocrx_word' id='word_1_607' title='bbox 1622 4437 1671 4498; x_wconf 89' lang='lat' dir='ltr'><strong>die</strong></span> <span class='ocrx_word' id='word_1_608' title='bbox 1693 4444 1765 4497; x_wconf 87' lang='lat' dir='ltr'><strong>natu</strong></span> <span class='ocrx_word' id='word_1_609' title='bbox 1784 4434 1890 4508; x_wconf 87' lang='lat' dir='ltr'><strong>major,</strong></span> 
     </span>
    </p>
   </div>
   <div class='ocr_carea' id='block_1_5' title="bbox 23 4522 1890 4610">
    <p class='ocr_par' dir='ltr' id='par_1_5' title="bbox 23 4522 1890 4610">
     <span class='ocr_line' id='line_1_47' title="bbox 23 4522 1890 4610; baseline -0.014 -2"><span class='ocrx_word' id='word_1_610' title='bbox 23 4567 24 4590; x_wconf 60' lang='grc' dir='ltr'>ι</span> <span class='ocrx_word' id='word_1_611' title='bbox 130 4547 182 4594; x_wconf 78' lang='lat'><strong>0⁰⁸</strong></span> <span class='ocrx_word' id='word_1_612' title='bbox 207 4545 393 4607; x_wconf 53' lang='lat' dir='ltr'><strong>millium»</strong></span> <span class='ocrx_word' id='word_1_613' title='bbox 422 4539 458 4596; x_wconf 90' lang='lat' dir='ltr'><strong>nt</strong></span> <span class='ocrx_word' id='word_1_614' title='bbox 475 4532 522 4608; x_wconf 86' lang='lat' dir='ltr'><strong>pie</strong></span> <span class='ocrx_word' id='word_1_615' title='bbox 548 4530 621 4594; x_wconf 89' lang='lat' dir='ltr'><strong>inita</strong></span> <span class='ocrx_word' id='word_1_616' title='bbox 642 4528 818 4596; x_wconf 76' lang='lat' dir='ltr'><strong>nortluimi</strong></span> <span class='ocrx_word' id='word_1_617' title='bbox 841 4528 988 4604; x_wconf 86' lang='lat' dir='ltr'><strong>pontilicis</strong></span> <span class='ocrx_word' id='word_1_618' title='bbox 1031 4539 1111 4610; x_wconf 85' lang='lat' dir='ltr'><strong>patre</strong></span> <span class='ocrx_word' id='word_1_619' title='bbox 1124 4533 1288 4604; x_wconf 87' lang='lat' dir='ltr'><strong>demortuo,</strong></span> <span class='ocrx_word' id='word_1_620' title='bbox 1305 4530 1429 4590; x_wconf 82' lang='lat' dir='ltr'><strong>trahem</strong></span> <span class='ocrx_word' id='word_1_621' title='bbox 1447 4527 1668 4590; x_wconf 83' lang='lat' dir='ltr'><strong>multitudinem</strong></span> <span class='ocrx_word' id='word_1_622' title='bbox 1685 4531 1715 4586; x_wconf 88' lang='lat' dir='ltr'><strong>et</strong></span> <span class='ocrx_word' id='word_1_623' title='bbox 1735 4522 1890 4585; x_wconf 78' lang='lat' dir='ltr'><strong>heredita·</strong></span> 
     </span>
    </p>
   </div>
   <div class='ocr_carea' id='block_1_6' title="bbox 130 4583 1898 5791">
    <p class='ocr_par' dir='ltr' id='par_1_6' title="bbox 130 4583 1898 5241">
     <span class='ocr_line' id='line_1_48' title="bbox 130 4583 1890 4698; baseline -0.009 -13"><span class='ocrx_word' id='word_1_624' title='bbox 130 4623 258 4685; x_wconf 87' lang='lat' dir='ltr'><strong>consilia</strong></span> <span class='ocrx_word' id='word_1_625' title='bbox 275 4623 465 4698; x_wconf 84' lang='lat' dir='ltr'><strong>susciperent,</strong></span> <span class='ocrx_word' id='word_1_626' title='bbox 484 4629 513 4688; x_wconf 80' lang='lat' dir='ltr'><strong>et</strong></span> <span class='ocrx_word' id='word_1_627' title='bbox 526 4622 616 4698; x_wconf 78' lang='lat' dir='ltr'><strong>jneloe</strong></span> <span class='ocrx_word' id='word_1_628' title='bbox 633 4636 730 4686; x_wconf 67' lang='lat' dir='ltr'><strong>neuen</strong></span> <span class='ocrx_word' id='word_1_629' title='bbox 748 4621 847 4682; x_wconf 76' lang='lat' dir='ltr'><strong>heere</strong></span> <span class='ocrx_word' id='word_1_630' title='bbox 866 4583 1091 4693; x_wconf 69' lang='lat' dir='ltr'><strong>misnaDrsm</strong></span> <span class='ocrx_word' id='word_1_631' title='bbox 1110 4636 1229 4697; x_wconf 76' lang='lat' dir='ltr'><strong>paruam</strong></span> <span class='ocrx_word' id='word_1_632' title='bbox 1246 4624 1487 4696; x_wconf 82' lang='lat' dir='ltr'><strong>conquereretur,</strong></span> <span class='ocrx_word' id='word_1_633' title='bbox 1503 4616 1577 4678; x_wconf 84' lang='lat' dir='ltr'><strong>adeo</strong></span> <span class='ocrx_word' id='word_1_634' title='bbox 1590 4621 1692 4688; x_wconf 86' lang='lat' dir='ltr'><strong>meter,</strong></span> <span class='ocrx_word' id='word_1_635' title='bbox 1707 4627 1797 4690; x_wconf 86' lang='lat' dir='ltr'><strong>quam</strong></span> <span class='ocrx_word' id='word_1_636' title='bbox 1813 4611 1890 4691; x_wconf 81' lang='lat' dir='ltr'><strong>iaru-</strong></span> 
     </span>
     <span class='ocr_line' id='line_1_49' title="bbox 131 4696 1898 4790; baseline -0.008 -14"><span class='ocrx_word' id='word_1_637' title='bbox 131 4713 313 4790; x_wconf 83' lang='lat' dir='ltr'><strong>salntar&#39;ninc</strong></span> <span class='ocrx_word' id='word_1_638' title='bbox 333 4714 447 4778; x_wconf 84' lang='lat' dir='ltr'><strong>decreto</strong></span> <span class='ocrx_word' id='word_1_639' title='bbox 463 4713 501 4776; x_wconf 78' lang='lat' dir='ltr'><strong>tlt</strong></span> <span class='ocrx_word' id='word_1_640' title='bbox 518 4707 646 4778; x_wconf 86' lang='lat' dir='ltr'><strong>Wiberti</strong></span> <span class='ocrx_word' id='word_1_641' title='bbox 668 4709 822 4788; x_wconf 69' lang='lat' dir='ltr'><strong>dimiphm</strong></span> <span class='ocrx_word' id='word_1_642' title='bbox 845 4712 909 4786; x_wconf 89' lang='lat' dir='ltr'><strong>pice</strong></span> <span class='ocrx_word' id='word_1_643' title='bbox 928 4712 988 4774; x_wconf 80' lang='lat' dir='ltr'><strong>ior·</strong></span> <span class='ocrx_word' id='word_1_644' title='bbox 1031 4712 1084 4774; x_wconf 87' lang='lat' dir='ltr'><strong>din</strong></span> <span class='ocrx_word' id='word_1_645' title='bbox 1097 4710 1232 4789; x_wconf 78' lang='lat' dir='ltr'><strong>sgeuatis</strong></span> <span class='ocrx_word' id='word_1_646' title='bbox 1246 4708 1329 4772; x_wconf 88' lang='lat' dir='ltr'><strong>dolor</strong></span> <span class='ocrx_word' id='word_1_647' title='bbox 1345 4706 1501 4781; x_wconf 66' lang='lat' dir='ltr'><strong>crumenat,</strong></span> <span class='ocrx_word' id='word_1_648' title='bbox 1521 4711 1565 4768; x_wconf 85' lang='lat' dir='ltr'><strong>ent</strong></span> <span class='ocrx_word' id='word_1_649' title='bbox 1580 4705 1731 4781; x_wconf 88' lang='lat' dir='ltr'><strong>indignata</strong></span> <span class='ocrx_word' id='word_1_650' title='bbox 1743 4717 1779 4763; x_wconf 88' lang='lat' dir='ltr'><strong>ec</strong></span> <span class='ocrx_word' id='word_1_651' title='bbox 1790 4696 1898 4762; x_wconf 88' lang='lat' dir='ltr'><strong>dolore</strong></span> 
     </span>
     <span class='ocr_line' id='line_1_50' title="bbox 132 4791 1890 4883; baseline -0.01 -16"><span class='ocrx_word' id='word_1_652' title='bbox 132 4811 236 4883; x_wconf 80' lang='lat' dir='ltr'><strong>terque</strong></span> <span class='ocrx_word' id='word_1_653' title='bbox 255 4803 369 4868; x_wconf 81' lang='lat' dir='ltr'><strong>enimus</strong></span> <span class='ocrx_word' id='word_1_654' title='bbox 383 4807 547 4872; x_wconf 66' lang='lat' dir='ltr'><strong>armauit</strong></span> <span class='ocrx_word' id='word_1_655' title='bbox 567 4802 623 4864; x_wconf 86' lang='lat' dir='ltr'><strong>iiis</strong></span> <span class='ocrx_word' id='word_1_656' title='bbox 645 4800 741 4876; x_wconf 72' lang='lat' dir='ltr'><strong>dictis</strong></span> <span class='ocrx_word' id='word_1_657' title='bbox 759 4816 827 4864; x_wconf 87' lang='lat' dir='ltr'><strong>eum</strong></span> <span class='ocrx_word' id='word_1_658' title='bbox 852 4815 988 4878; x_wconf 71' lang='lat' dir='ltr'><strong>megum</strong></span> <span class='ocrx_word' id='word_1_659' title='bbox 1031 4802 1189 4879; x_wconf 82' lang='lat' dir='ltr'><strong>parsitant</strong></span> <span class='ocrx_word' id='word_1_660' title='bbox 1211 4817 1244 4862; x_wconf 88' lang='lat' dir='ltr'><strong>se</strong></span> <span class='ocrx_word' id='word_1_661' title='bbox 1261 4799 1400 4861; x_wconf 86' lang='lat' dir='ltr'><strong>miseram</strong></span> <span class='ocrx_word' id='word_1_662' title='bbox 1417 4796 1586 4859; x_wconf 83' lang='lat' dir='ltr'><strong>eschmsns</strong></span> <span class='ocrx_word' id='word_1_663' title='bbox 1605 4802 1693 4873; x_wconf 89' lang='lat' dir='ltr'><strong>atque</strong></span> <span class='ocrx_word' id='word_1_664' title='bbox 1708 4791 1835 4867; x_wconf 83' lang='lat' dir='ltr'><strong>amptius</strong></span> <span class='ocrx_word' id='word_1_665' title='bbox 1856 4797 1890 4851; x_wconf 89' lang='lat' dir='ltr'><strong>ut</strong></span> 
     </span>
     <span class='ocr_line' id='line_1_51' title="bbox 132 4877 1888 4969; baseline -0.011 -12"><span class='ocrx_word' id='word_1_666' title='bbox 132 4895 269 4957; x_wconf 85' lang='lat' dir='ltr'><strong>omniurn</strong></span> <span class='ocrx_word' id='word_1_667' title='bbox 288 4893 497 4959; x_wconf 78' lang='lat' dir='ltr'><strong>demhdonern</strong></span> <span class='ocrx_word' id='word_1_668' title='bbox 510 4895 686 4966; x_wconf 81' lang='lat' dir='ltr'><strong>intueretur,</strong></span> <span class='ocrx_word' id='word_1_669' title='bbox 702 4893 845 4969; x_wconf 87' lang='lat' dir='ltr'><strong>populum</strong></span> <span class='ocrx_word' id='word_1_670' title='bbox 858 4892 989 4955; x_wconf 85' lang='lat' dir='ltr'><strong>damnati</strong></span> <span class='ocrx_word' id='word_1_671' title='bbox 1032 4894 1144 4956; x_wconf 76' lang='lat' dir='ltr'><strong>eiceret</strong></span> <span class='ocrx_word' id='word_1_672' title='bbox 1160 4891 1323 4967; x_wconf 85' lang='lat' dir='ltr'><strong>indignam,</strong></span> <span class='ocrx_word' id='word_1_673' title='bbox 1348 4887 1433 4950; x_wconf 84' lang='lat' dir='ltr'><strong>Petro</strong></span> <span class='ocrx_word' id='word_1_674' title='bbox 1451 4889 1504 4949; x_wconf 82' lang='lat' dir='ltr'><strong>ris</strong></span> <span class='ocrx_word' id='word_1_675' title='bbox 1517 4888 1589 4949; x_wconf 81' lang='lat' dir='ltr'><strong>duna</strong></span> <span class='ocrx_word' id='word_1_676' title='bbox 1602 4889 1670 4945; x_wconf 84' lang='lat' dir='ltr'><strong>nato</strong></span> <span class='ocrx_word' id='word_1_677' title='bbox 1682 4882 1726 4943; x_wconf 85' lang='lat' dir='ltr'><strong>lac</strong></span> <span class='ocrx_word' id='word_1_678' title='bbox 1738 4877 1888 4955; x_wconf 75' lang='lat' dir='ltr'><strong>negaverit</strong></span> 
     </span>
     <span class='ocr_line' id='line_1_52' title="bbox 133 4976 1889 5062; baseline -0.011 -13"><span class='ocrx_word' id='word_1_679' title='bbox 133 4981 343 5061; x_wconf 85' lang='lat' dir='ltr'><strong>archiepiscopi</strong></span> <span class='ocrx_word' id='word_1_680' title='bbox 355 4981 879 5062; x_wconf 77' lang='lat' dir='ltr'><strong>mnhgienenorruptunringrntism</strong></span> <span class='ocrx_word' id='word_1_681' title='bbox 889 4980 989 5044; x_wconf 78' lang='lat' dir='ltr'><strong>Eccle-</strong></span> <span class='ocrx_word' id='word_1_682' title='bbox 1032 4993 1062 5047; x_wconf 83' lang='lat' dir='ltr'><strong>et</strong></span> <span class='ocrx_word' id='word_1_683' title='bbox 1080 4986 1156 5047; x_wconf 88' lang='lat' dir='ltr'><strong>nihil</strong></span> <span class='ocrx_word' id='word_1_684' title='bbox 1179 4983 1297 5044; x_wconf 76' lang='lat' dir='ltr'><strong>amidae</strong></span> <span class='ocrx_word' id='word_1_685' title='bbox 1312 4979 1434 5042; x_wconf 83' lang='lat' dir='ltr'><strong>letands</strong></span> <span class='ocrx_word' id='word_1_686' title='bbox 1454 4978 1568 5055; x_wconf 82' lang='lat' dir='ltr'><strong>ploratu</strong></span> <span class='ocrx_word' id='word_1_687' title='bbox 1588 4978 1732 5036; x_wconf 85' lang='lat' dir='ltr'><strong>commota</strong></span> <span class='ocrx_word' id='word_1_688' title='bbox 1753 4976 1889 5048; x_wconf 76' lang='lat' dir='ltr'><strong>expcurs</strong></span> 
     </span>
     <span class='ocr_line' id='line_1_53' title="bbox 133 5066 1889 5152; baseline -0.01 -15"><span class='ocrx_word' id='word_1_689' title='bbox 133 5074 185 5137; x_wconf 75' lang='lat' dir='ltr'><strong>eie</strong></span> <span class='ocrx_word' id='word_1_690' title='bbox 198 5074 317 5152; x_wconf 85' lang='lat' dir='ltr'><strong>recepit,</strong></span> <span class='ocrx_word' id='word_1_691' title='bbox 329 5090 364 5138; x_wconf 90' lang='lat' dir='ltr'><strong>ec</strong></span> <span class='ocrx_word' id='word_1_692' title='bbox 374 5081 519 5140; x_wconf 82' lang='lat' dir='ltr'><strong>oontmctn</strong></span> <span class='ocrx_word' id='word_1_693' title='bbox 529 5074 645 5152; x_wconf 85' lang='lat' dir='ltr'><strong>pisente</strong></span> <span class='ocrx_word' id='word_1_694' title='bbox 656 5072 826 5140; x_wconf 73' lang='lat' dir='ltr'><strong>nuctcdhtc</strong></span> <span class='ocrx_word' id='word_1_695' title='bbox 840 5070 990 5149; x_wconf 83' lang='lat' dir='ltr'><strong>pontificia</strong></span> <span class='ocrx_word' id='word_1_696' title='bbox 1032 5074 1098 5151; x_wconf 85' lang='lat' dir='ltr'><strong>ejus</strong></span> <span class='ocrx_word' id='word_1_697' title='bbox 1116 5087 1217 5135; x_wconf 84' lang='lat' dir='ltr'><strong>necem</strong></span> <span class='ocrx_word' id='word_1_698' title='bbox 1239 5070 1397 5142; x_wconf 79' lang='lat' dir='ltr'><strong>rideretur,</strong></span> <span class='ocrx_word' id='word_1_699' title='bbox 1415 5083 1483 5145; x_wconf 82' lang='lat' dir='ltr'><strong>qne</strong></span> <span class='ocrx_word' id='word_1_700' title='bbox 1502 5066 1589 5142; x_wconf 84' lang='lat' dir='ltr'><strong>plane</strong></span> <span class='ocrx_word' id='word_1_701' title='bbox 1613 5067 1675 5123; x_wconf 86' lang='lat' dir='ltr'><strong>erat</strong></span> <span class='ocrx_word' id='word_1_702' title='bbox 1697 5066 1889 5122; x_wconf 75' lang='lat' dir='ltr'><strong>museoutura</strong></span> 
     </span>
     <span class='ocr_line' id='line_1_54' title="bbox 133 5150 1890 5241; baseline -0.016 -3"><span class='ocrx_word' id='word_1_703' title='bbox 133 5161 278 5223; x_wconf 61' lang='lat' dir='ltr'><strong>liberavit·</strong></span> <span class='ocrx_word' id='word_1_704' title='bbox 1033 5177 1220 5241; x_wconf 64' lang='lat' dir='ltr'><strong>amandum</strong></span> <span class='ocrx_word' id='word_1_705' title='bbox 1243 5176 1318 5231; x_wconf 89' lang='lat' dir='ltr'><strong>sero,</strong></span> <span class='ocrx_word' id='word_1_706' title='bbox 1346 5158 1403 5218; x_wconf 91' lang='lat' dir='ltr'><strong>nisi</strong></span> <span class='ocrx_word' id='word_1_707' title='bbox 1431 5158 1518 5231; x_wconf 70' lang='lat' dir='ltr'><strong>tame</strong></span> <span class='ocrx_word' id='word_1_708' title='bbox 1543 5151 1635 5214; x_wconf 68' lang='lat' dir='ltr'><strong>amul</strong></span> <span class='ocrx_word' id='word_1_709' title='bbox 1658 5157 1688 5212; x_wconf 89' lang='lat' dir='ltr'><strong>et</strong></span> <span class='ocrx_word' id='word_1_710' title='bbox 1712 5152 1743 5214; x_wconf 81' lang='lat' dir='ltr'><strong>ri</strong></span> <span class='ocrx_word' id='word_1_711' title='bbox 1772 5150 1890 5227; x_wconf 80' lang='lat' dir='ltr'><strong>trigoris</strong></span> 
     </span>
    </p>

    <p class='ocr_par' dir='ltr' id='par_1_7' title="bbox 135 5240 1889 5791">
     <span class='ocr_line' id='line_1_55' title="bbox 167 5240 1889 5329; baseline -0.009 -15"><span class='ocrx_word' id='word_1_712' title='bbox 167 5249 312 5314; x_wconf 61' lang='lat' dir='ltr'><strong>&amp;renus</strong></span> <span class='ocrx_word' id='word_1_713' title='bbox 325 5248 654 5316; x_wconf 72' lang='lat' dir='ltr'><strong>solemniacodicens</strong></span> <span class='ocrx_word' id='word_1_714' title='bbox 667 5248 989 5328; x_wconf 72' lang='lat' dir='ltr'><strong>maturescimus,</strong></span> <span class='ocrx_word' id='word_1_715' title='bbox 1033 5253 1243 5329; x_wconf 78' lang='lat' dir='ltr'><strong>nigrescentem</strong></span> <span class='ocrx_word' id='word_1_716' title='bbox 1270 5256 1299 5310; x_wconf 91' lang='lat' dir='ltr'><strong>et</strong></span> <span class='ocrx_word' id='word_1_717' title='bbox 1325 5265 1395 5311; x_wconf 80' lang='lat' dir='ltr'><strong>rece</strong></span> <span class='ocrx_word' id='word_1_718' title='bbox 1428 5249 1488 5307; x_wconf 85' lang='lat' dir='ltr'><strong>iere</strong></span> <span class='ocrx_word' id='word_1_719' title='bbox 1521 5243 1705 5316; x_wconf 87' lang='lat' dir='ltr'><strong>destitutum,</strong></span> <span class='ocrx_word' id='word_1_720' title='bbox 1732 5240 1889 5302; x_wconf 82' lang='lat' dir='ltr'><strong>sacerdotis</strong></span> 
     </span>
     <span class='ocr_line' id='line_1_56' title="bbox 135 5327 1886 5421; baseline -0.008 -16"><span class='ocrx_word' id='word_1_721' title='bbox 135 5357 173 5405; x_wconf 87' lang='lat' dir='ltr'><strong>ne</strong></span> <span class='ocrx_word' id='word_1_722' title='bbox 187 5344 243 5406; x_wconf 85' lang='lat' dir='ltr'><strong>iter</strong></span> <span class='ocrx_word' id='word_1_723' title='bbox 262 5350 340 5406; x_wconf 74' lang='lat' dir='ltr'><strong>mest</strong></span> <span class='ocrx_word' id='word_1_724' title='bbox 356 5344 479 5408; x_wconf 79' lang='lat' dir='ltr'><strong>ommno</strong></span> <span class='ocrx_word' id='word_1_725' title='bbox 491 5345 591 5421; x_wconf 82' lang='lat' dir='ltr'><strong>inane,</strong></span> <span class='ocrx_word' id='word_1_726' title='bbox 607 5346 764 5408; x_wconf 73' lang='lat' dir='ltr'><strong>moncellos</strong></span> <span class='ocrx_word' id='word_1_727' title='bbox 783 5344 895 5418; x_wconf 77' lang='lat' dir='ltr'><strong>invidt,</strong></span> <span class='ocrx_word' id='word_1_728' title='bbox 916 5358 992 5420; x_wconf 85' lang='lat' dir='ltr'><strong>quos</strong></span> <span class='ocrx_word' id='word_1_729' title='bbox 1034 5341 1190 5417; x_wconf 83' lang='lat' dir='ltr'><strong>cujusdam</strong></span> <span class='ocrx_word' id='word_1_730' title='bbox 1211 5338 1310 5414; x_wconf 83' lang='lat' dir='ltr'><strong>pellex</strong></span> <span class='ocrx_word' id='word_1_731' title='bbox 1328 5335 1488 5397; x_wconf 83' lang='lat' dir='ltr'><strong>adueniens</strong></span> <span class='ocrx_word' id='word_1_732' title='bbox 1503 5333 1637 5410; x_wconf 82' lang='lat' dir='ltr'><strong>juvisset.</strong></span> <span class='ocrx_word' id='word_1_733' title='bbox 1656 5331 1726 5393; x_wconf 74' lang='lat' dir='ltr'><strong>Haec</strong></span> <span class='ocrx_word' id='word_1_734' title='bbox 1740 5327 1886 5407; x_wconf 88' lang='lat' dir='ltr'><strong>siquidem</strong></span> 
     </span>
     <span class='ocr_line' id='line_1_57' title="bbox 136 5421 1888 5522; baseline -0.01 -25"><span class='ocrx_word' id='word_1_735' title='bbox 136 5435 288 5498; x_wconf 67' lang='lat' dir='ltr'><strong>hrenum</strong></span> <span class='ocrx_word' id='word_1_736' title='bbox 312 5437 499 5499; x_wconf 79' lang='lat' dir='ltr'><strong>murntueru</strong></span> <span class='ocrx_word' id='word_1_737' title='bbox 522 5444 607 5500; x_wconf 79' lang='lat' dir='ltr'><strong>entre</strong></span> <span class='ocrx_word' id='word_1_738' title='bbox 632 5438 717 5499; x_wconf 88' lang='lat' dir='ltr'><strong>urhis</strong></span> <span class='ocrx_word' id='word_1_739' title='bbox 739 5439 854 5511; x_wconf 88' lang='lat' dir='ltr'><strong>portum</strong></span> <span class='ocrx_word' id='word_1_740' title='bbox 876 5434 908 5494; x_wconf 92' lang='lat' dir='ltr'><strong>in</strong></span> <span class='ocrx_word' id='word_1_741' title='bbox 930 5434 992 5495; x_wconf 83' lang='lat' dir='ltr'><strong>nde</strong></span> <span class='ocrx_word' id='word_1_742' title='bbox 1034 5430 1235 5495; x_wconf 86' lang='lat' dir='ltr'><strong>crudelitatem</strong></span> <span class='ocrx_word' id='word_1_743' title='bbox 1265 5426 1366 5487; x_wconf 86' lang='lat' dir='ltr'><strong>matris</strong></span> <span class='ocrx_word' id='word_1_744' title='bbox 1391 5425 1496 5488; x_wconf 82' lang='lat' dir='ltr'><strong>acriter</strong></span> <span class='ocrx_word' id='word_1_745' title='bbox 1525 5439 1662 5501; x_wconf 80' lang='lat' dir='ltr'><strong>argema,</strong></span> <span class='ocrx_word' id='word_1_746' title='bbox 1687 5428 1717 5483; x_wconf 91' lang='lat' dir='ltr'><strong>et</strong></span> <span class='ocrx_word' id='word_1_747' title='bbox 1744 5421 1888 5522; x_wconf 56' lang='lat' dir='ltr'><strong>heriman</strong></span> 
     </span>
     <span class='ocr_line' id='line_1_58' title="bbox 137 5511 1888 5605; baseline -0.012 -17"><span class='ocrx_word' id='word_1_748' title='bbox 137 5527 216 5588; x_wconf 73' lang='lat' dir='ltr'><strong>mum</strong></span> <span class='ocrx_word' id='word_1_749' title='bbox 244 5526 358 5604; x_wconf 65' lang='lat' dir='ltr'><strong>iterim</strong></span> <span class='ocrx_word' id='word_1_750' title='bbox 380 5542 469 5605; x_wconf 85' lang='lat' dir='ltr'><strong>qnam</strong></span> <span class='ocrx_word' id='word_1_751' title='bbox 496 5543 579 5592; x_wconf 87' lang='lat' dir='ltr'><strong>nnnc</strong></span> <span class='ocrx_word' id='word_1_752' title='bbox 607 5529 685 5590; x_wconf 87' lang='lat' dir='ltr'><strong>intre</strong></span> <span class='ocrx_word' id='word_1_753' title='bbox 711 5526 813 5589; x_wconf 83' lang='lat' dir='ltr'><strong>urbem</strong></span> <span class='ocrx_word' id='word_1_754' title='bbox 836 5523 992 5587; x_wconf 83' lang='lat' dir='ltr'><strong>adductam</strong></span> <span class='ocrx_word' id='word_1_755' title='bbox 1036 5521 1157 5584; x_wconf 82' lang='lat' dir='ltr'><strong>intentis</strong></span> <span class='ocrx_word' id='word_1_756' title='bbox 1204 5518 1458 5593; x_wconf 83' lang='lat' dir='ltr'><strong>calamitatemque</strong></span> <span class='ocrx_word' id='word_1_757' title='bbox 1504 5515 1669 5593; x_wconf 80' lang='lat' dir='ltr'><strong>deplorans,</strong></span> <span class='ocrx_word' id='word_1_758' title='bbox 1705 5511 1888 5573; x_wconf 78' lang='lat' dir='ltr'><strong>immanitate</strong></span> 
     </span>
     <span class='ocr_line' id='line_1_59' title="bbox 136 5603 1888 5706; baseline -0.014 -23"><span class='ocrx_word' id='word_1_759' title='bbox 136 5621 347 5699; x_wconf 69' lang='lat' dir='ltr'><strong>oenmidmue.</strong></span> <span class='ocrx_word' id='word_1_760' title='bbox 372 5623 417 5684; x_wconf 77' lang='lat' dir='ltr'><strong>llil</strong></span> <span class='ocrx_word' id='word_1_761' title='bbox 433 5623 515 5685; x_wconf 86' lang='lat' dir='ltr'><strong>lehre</strong></span> <span class='ocrx_word' id='word_1_762' title='bbox 534 5625 693 5697; x_wconf 75' lang='lat' dir='ltr'><strong>coemptus,</strong></span> <span class='ocrx_word' id='word_1_763' title='bbox 716 5625 818 5680; x_wconf 82' lang='lat' dir='ltr'><strong>oetam</strong></span> <span class='ocrx_word' id='word_1_764' title='bbox 839 5623 993 5693; x_wconf 68' lang='lat' dir='ltr'><strong>posquam</strong></span> <span class='ocrx_word' id='word_1_765' title='bbox 1036 5627 1153 5676; x_wconf 83' lang='lat' dir='ltr'><strong>snmus</strong></span> <span class='ocrx_word' id='word_1_766' title='bbox 1175 5610 1327 5676; x_wconf 64' lang='grc' dir='ltr'>ιπιιιιιιιι</span> <span class='ocrx_word' id='word_1_767' title='bbox 1346 5608 1481 5669; x_wconf 83' lang='lat' dir='ltr'><strong>animum</strong></span> <span class='ocrx_word' id='word_1_768' title='bbox 1500 5606 1591 5679; x_wconf 84' lang='lat' dir='ltr'><strong>leniit,</strong></span> <span class='ocrx_word' id='word_1_769' title='bbox 1611 5611 1641 5706; x_wconf 77' lang='lat' dir='ltr'><strong>et</strong></span> <span class='ocrx_word' id='word_1_770' title='bbox 1656 5603 1764 5706; x_wconf 66' lang='lat' dir='ltr'><strong>mam</strong></span> <span class='ocrx_word' id='word_1_771' title='bbox 1780 5616 1811 5660; x_wconf 93' lang='lat' dir='ltr'><strong>se</strong></span> <span class='ocrx_word' id='word_1_772' title='bbox 1824 5615 1888 5660; x_wconf 70' lang='lat' dir='ltr'><strong>maa</strong></span> 
     </span>
     <span class='ocr_line' id='line_1_60' title="bbox 139 5694 1887 5791; baseline -0.017 -12"><span class='ocrx_word' id='word_1_773' title='bbox 139 5719 282 5790; x_wconf 68' lang='lat' dir='ltr'><strong>egotam</strong></span> <span class='ocrx_word' id='word_1_774' title='bbox 295 5712 482 5791; x_wconf 84' lang='lat' dir='ltr'><strong>eoeperatdie</strong></span> <span class='ocrx_word' id='word_1_775' title='bbox 495 5711 602 5775; x_wconf 74' lang='lat' dir='ltr'><strong>eahae</strong></span> <span class='ocrx_word' id='word_1_776' title='bbox 617 5711 677 5775; x_wconf 84' lang='lat' dir='ltr'><strong>rita</strong></span> <span class='ocrx_word' id='word_1_777' title='bbox 695 5706 832 5784; x_wconf 81' lang='lat' dir='ltr'><strong>migrarit</strong></span> <span class='ocrx_word' id='word_1_778' title='bbox 849 5722 883 5771; x_wconf 90' lang='lat' dir='ltr'><strong>ea</strong></span> <span class='ocrx_word' id='word_1_779' title='bbox 898 5711 991 5783; x_wconf 72' lang='lat' dir='ltr'><strong>nuta,</strong></span> <span class='ocrx_word' id='word_1_780' title='bbox 1039 5704 1077 5769; x_wconf 91' lang='lat' dir='ltr'><strong>tri</strong></span> <span class='ocrx_word' id='word_1_781' title='bbox 1100 5705 1229 5783; x_wconf 84' lang='lat' dir='ltr'><strong>jungens</strong></span> <span class='ocrx_word' id='word_1_782' title='bbox 1254 5698 1376 5771; x_wconf 60' lang='lat' dir='ltr'><strong>misum</strong></span> <span class='ocrx_word' id='word_1_783' title='bbox 1400 5715 1487 5779; x_wconf 80' lang='lat' dir='ltr'><strong>aque</strong></span> <span class='ocrx_word' id='word_1_784' title='bbox 1516 5696 1656 5767; x_wconf 74' lang='lat' dir='ltr'><strong>uomere</strong></span> <span class='ocrx_word' id='word_1_785' title='bbox 1688 5694 1812 5768; x_wconf 84' lang='lat' dir='ltr'><strong>aheqne</strong></span> <span class='ocrx_word' id='word_1_786' title='bbox 1838 5704 1887 5750; x_wconf 70' lang='lat' dir='ltr'><strong>re⁴</strong></span> 
     </span>
    </p>
   </div>
   <div class='ocr_carea' id='block_1_7' title="bbox 0 0 2096 6209">
    <p class='ocr_par' dir='ltr' id='par_1_8' title="bbox 0 0 2096 6209">
     <span class='ocr_line' id='line_1_61' title="bbox 0 0 2096 6209; baseline 0 0"><span class='ocrx_word' id='word_1_787' title='bbox 0 0 2096 6209; x_wconf 95' lang='lat' dir='ltr'><strong> </strong></span> 
     </span>
    </p>
   </div>
  </div>
 </body>
</html>
