4100 6209
117 287 170 349 ild
865 285 990 350 SERMO
1008 285 1141 348 XLVIII.
1186 299 1189 308 “
1824 287 1877 352 774

113 431 148 472 ea
166 412 309 472 nimirum
328 410 375 470 die
398 411 486 471 homo
505 412 585 471 lieret
602 412 666 485 ejus
684 417 775 471 morte
793 413 971 487 redemptus,
982 410 1203 478 Aaeditimtum,
1220 426 1289 470 cum
1308 411 1415 485 etipse
1438 410 1580 481 senarius,
1597 411 1672 473 sicut
1690 429 1728 473 ex
1752 417 1877 477 ternario

113 517 172 578 quo
186 500 297 560 dudum
317 500 410 559 luerat
429 499 522 573 ipsius
542 500 706 574 operatione
728 500 897 574 plasmatus,
919 500 973 558 Eo-
1020 503 1133 568 crescit,
1146 501 1185 559 ita
1207 501 1401 560 nihilomiuus
1422 508 1450 559 et
1473 503 1502 559 in
1523 502 1683 562 ternarium
1707 506 1878 567 resolvatur.

112 593 179 652 dem
196 608 280 668 porro
294 592 343 651 die
361 591 397 650 de
411 599 489 651 costa
510 591 566 651 viri
583 593 704 651 formata
719 598 762 652 est
781 593 853 662 Era,
869 607 927 666 ouo
940 593 976 651 de
1020 589 1104 648 Unus
1127 589 1220 660 enim,
1238 597 1265 647 ct
1288 591 1356 660 duo,
1371 597 1399 648 et
1418 597 1484 660 tres,
1505 606 1556 648 sex
1576 592 1652 650 liunt
1664 616 1671 650 :
1685 601 1712 652 et
1737 596 1880 670 reciproce

113 684 203 743 latere
224 680 332 741 Christi
355 696 406 756 per
429 695 537 756 aquam
556 688 584 739 et
605 682 778 756 sanguinem
803 681 896 741 exivit
918 682 974 740 Ec·
1019 677 1177 736 dimidium
1200 680 1306 737 senarii
1332 688 1389 738 tres
1413 689 1491 750 suut,
1514 680 1595 738 tertia
1623 697 1687 755 pars
1713 684 1782 755 duo,
1798 693 1881 745 sexta

111 773 210 833 cosia,
1020 780 1125 824 unum.
1142 764 1197 836 Qui
1220 766 1354 826 videlicet
1377 784 1518 828 numerus
1538 767 1644 828 idcirco
1666 773 1810 845 perlectus
1833 776 1879 834 di-

149 860 308 921 Videamus
322 859 421 935 itaque
438 860 584 936 quomodo
602 875 653 935 per
670 860 808 920 eumdem
826 859 976 919 senarium
1020 856 1105 925 citur,
1120 855 1254 929 quiasic
1269 873 1308 915 rs
1326 856 1391 916 suls
1407 857 1537 932 partibus
1560 867 1678 919 constat.
1707 861 1770 922 Uno
1794 864 1881 937 plane

113 964 273 1009 numerum
294 948 436 1008 Dominici
455 950 583 1021 corporis
600 947 740 1020 templ-„tn
756 947 865 1007 diriuae
879 951 976 1022 provi·
1019 945 1067 1004 dre
1079 945 1203 1018 integro,
1222 953 1252 1003 et
1264 945 1379 1005 duabus
1400 940 1532 1006 noctibus
1549 949 1579 1005 iu
1594 950 1726 1022 sepulcro
1738 952 1881 1014 Dominus

111 1037 222 1097 dentiae
241 1037 279 1095 sil
302 1044 363 1095 arte
392 1044 600 1096 constructum.
626 1035 782 1109 Templum
808 1052 876 1095 sane
901 1035 977 1096 illud
1017 1030 1209 1111 jacuit3quia
1233 1052 1290 1095 una
1310 1039 1356 1096 sui
1378 1039 1505 1113 corporis
1530 1047 1621 1097 morte
1644 1056 1662 1097 a
1685 1040 1799 1103 duabus
1815 1060 1880 1117 uos,

112 1126 299 1187 Hierusalem
319 1142 371 1202 per
388 1126 581 1202 quadraginta
600 1133 628 1186 et
646 1142 698 1186 sex
718 1142 863 1185 annornm
882 1127 976 1185 curri·
1020 1127 1128 1185 animas
1153 1126 1286 1185 videlicet
1310 1135 1337 1186 et
1355 1128 1484 1201 corporis
1505 1128 1657 1200 mortibus,
1677 1130 1820 1192 liberavit.
1846 1134 1884 1193 st

112 1218 180 1278 cuia
192 1219 285 1277 tuerat
300 1215 486 1296 fabricatum
503 1219 583 1278 unde
597 1217 779 1278 etaiudaeIs
793 1218 917 1278 Domino
931 1215 977 1276 di-
1021 1224 1097 1274 recte
1119 1230 1168 1288 per
1185 1215 1262 1273 diem
1283 1231 1360 1274 mors
1378 1216 1495 1275 Domini
1511 1214 1691 1290 designatur,
1707 1223 1884 1293 suanosad
1952 1269 1956 1274 .

112 1310 191 1370 citur
207 1327 215 1367 ε
233 1332 246 1359 c
264 1306 463 1380 Quadraginta
478 1314 509 1368 et
527 1304 602 1364 254
619 1323 671 1367 sex
693 1307 780 1366 anuis
802 1307 978 1367 aeditieatum
1021 1304 1117 1364 lucem
1141 1304 1320 1364 reducimur.
1342 1306 1445 1365 Nostra
1463 1315 1562 1366 autem
1588 1323 1665 1369 mors
1688 1321 1810 1387 utruque
1830 1330 1883 1388 per

112 1405 158 1458 est
172 1398 314 1471 templum
333 1399 397 1470 troc,
413 1404 441 1458 et
460 1405 491 1457 tu
510 1385 544 1458 iri
556 1399 653 1459 triduo
673 1399 831 1457 reaedilicas
850 1398 976 1458 illudi»
1021 1400 1146 1462 noctem,
1170 1406 1237 1464 duae
1263 1393 1404 1452 nimitum
1434 1394 1518 1452 11⁰bls
1544 1411 1581 1454 ex
1608 1408 1721 1470 peccato
1748 1401 1882 1462 debetur.

114 1491 207 1557 (doma,
222 1492 300 1556 vul.)
315 1486 372 1558 Qui
391 1486 525 1547 videficet
547 1502 690 1547 numerus
713 1486 738 1545 si
757 1502 808 1561 per
829 1487 976 1547 senarium
1021 1480 1127 1539 Totum
1141 1486 1239 1538 aulem
1250 1480 1305 1538 hoc
1319 1480 1448 1540 triduum
1464 1481 1495 1539 in
1506 1483 1644 1544 humanae
1655 1486 1758 1547 salutis
1769 1505 1885 1563 expen-

113 1577 241 1648 dncitup,
256 1584 480 1653 Omssetempllss,
499 1594 558 1654 quo
576 1578 720 1638 Dominus
742 1579 775 1637 jn
796 1581 897 1638 mml'IS
914 1587 977 1640 me·
1021 1570 1100 1629 ditur
1124 1568 1340 1630 eVIdessIISSIme
1367 1580 1589 1632 Sacramentum.
1614 1575 1687 1634 Nam
1710 1583 1793 1636 selim
1811 1580 1884 1639 IBI'Id

114 1681 147 1725 ρο
169 1667 288 1740 mansit,
310 1666 458 1742 impletur,
484 1666 556 1726 Nom
582 1667 754 1742 quadragies
775 1669 871 1727 sosios
903 1670 977 1739 soni,
1021 1655 1095 1714 255
1113 1675 1227 1734 passus,
1254 1661 1377 1722 sabbato
1398 1665 1430 1722 in
1455 1665 1587 1739 sepulcro
1610 1666 1731 1739 quievit,
1752 1667 1800 1725 die
1823 1668 1881 1728 DO-

114 1754 239 1814 ducenti·
250 1755 431 1830 septuaginta
449 1771 502 1815 sex
524 1755 586 1815 dies
603 1755 688 1815 fiunt,
709 1754 765 1826 Qui
786 1754 901 1816 dierum
920 1772 1009 1833 [τῃ-Β
1022 1748 1130 1809 minito
1147 1752 1316 1810 resurrexit.
1342 1751 1412 1811 Toia
1433 1761 1531 1812 aulem
1550 1753 1614 1811 Itaec
1631 1753 1691 1811 viia
1705 1754 1788 1813 nobis
1802 1763 1884 1816 sexta

115 1859 216 1903 merus
228 1844 351 1918 complet
363 1858 468 1904 norem
487 1860 611 1914 menaea,
632 1851 661 1903 et
674 1859 726 1903 sex
746 1845 818 1916 dies,
834 1847 886 1920 oui
903 1845 979 1905 vide.
1025 1840 1096 1899 laria
1109 1847 1170 1913 est;
1184 1842 1254 1916 quia
1269 1843 1402 1902 videlicet
1416 1859 1532 1902 crucem
1547 1850 1610 1918 post
1623 1844 1781 1904 Dominum
1798 1846 1883 1921 baju-

115 1932 185 1992 licet
214 1939 350 2006 tauquam
380 1935 479 1994 decem
509 1948 623 1993 menses
649 1934 831 2008 parientibus
861 1936 985 1996 feminis·
1025 1929 1286 2006 larejubemur.A
1312 1932 1359 1991 die
1380 1942 1478 1993 autem
1500 1935 1597 1993 exitus
1620 1936 1711 1994 nostri
1729 1951 1824 2010 usque
1847 1938 1884 1996 ad

117 2021 310 2096 imputantur.
333 2021 399 2082 Non
423 2022 493 2097 quia
515 2038 618 2081 omues
642 2022 780 2081 mulieres
798 2023 835 2082 ad
860 2033 977 2084 sextum
1021 2020 1167 2095 judicium
1182 2025 1266 2098 quasi
1278 2023 1435 2083 Sabbatum
1447 2026 1572 2097 ducitur,
1588 2028 1656 2101 quia
1669 2026 1785 2085 interim
1802 2029 1883 2088 beata

115 2108 196 2167 diem
215 2114 405 2183 postponam
425 2125 555 2169 mensem
576 2109 715 2184 paritura
732 2112 914 2185 perveniant,
929 2111 978 2171 sed
1024 2114 1126 2187 requie
1145 2123 1251 2174 sauctae
1271 2117 1379 2174 animm
1403 2117 1603 2189 pertruuntur.
1622 2116 1655 2176 In
1673 2120 1883 2179 resurrectione

117 2196 189 2270 quia
209 2203 249 2255 tot
266 2196 379 2268 diebus,
402 2198 439 2257 ad
458 2206 573 2273 partum
597 2197 735 2272 perducta
759 2198 821 2273 ipsa
843 2201 979 2273 perfectio
1023 2209 1120 2260 autem
1150 2217 1303 2276 corporum
1318 2204 1477 2276 ‘paschalis
1508 2204 1592 2262 nobis
1622 2205 1715 2264 oritur
1739 2206 1811 2278 dIes,
1832 2207 1885 2281 qui

116 2282 264 2344 Dominici
288 2287 415 2360 corporis
442 2287 640 2362 comperitur,
665 2288 742 2347 sicut
773 2303 790 2346 a
822 2289 980 2363 majoribus
1006 2286 1106 2348 'nullo
1122 2291 1181 2348 tine
1198 2290 1392 2364 concluditur,
1409 2291 1456 2350 scd
1477 2301 1623 2366 perpetuae
1633 2291 1817 2367 iucunditate
1832 2296 1886 2353 laa-

119 2373 267 2444 traditnr„
283 2380 311 2432 et
337 2374 424 2434 firma
450 2376 620 2437 auctoritate
648 2376 786 2436 Ecclesiae
808 2377 977 2438 custoditur.
1025 2379 1096 2439 titire
1110 2381 1241 2441 feriatur.

119 2460 226 2522 Octavo
241 2480 368 2539 namque
384 2466 532 2526 Kalendas
546 2465 656 2541 Aprilis
672 2475 827 2542 conceptus
841 2468 978 2546 creditur,
1060 2471 1097 2530 Ut
1111 2487 1179 2546 ergo
1193 2473 1228 2531 ad
1243 2473 1318 2531 hanc
1340 2472 1520 2533 Dominlcam
1540 2490 1593 2550 per
1613 2474 1770 2535 Sabbatum
1786 2476 1885 2535 valea-

118 2567 180 2625 (ρτο
197 2558 227 2612 et
241 2568 353 2627 passus.
374 2554 417 2614 Eo
432 2556 567 2615 videlicet
586 2555 633 2615 die
652 2556 783 2631 sepultus
799 2564 842 2616 est
862 2558 893 2617 in
916 2575 979 2618 mo·
1024 2574 1092 2617 mus
1113 2568 1306 2634 congruenter
1329 2560 1478 2634 attingere,
1507 2578 1623 2621 necesse
1647 2569 1698 2633 est,
1729 2580 1781 2622 nos
1805 2580 1886 2625 nunc

120 2647 263 2701 numento
281 2657 365 2715 novo,
385 2644 437 2703 nbi
455 2650 598 2716 secante,
613 2661 666 2705 uec
684 2653 747 2719 post
765 2648 920 2723 quIsquam
937 2654 980 2706 est
1023 2663 1139 2708 crucem
1154 2655 1217 2722 post
1228 2647 1329 2707 lesum
1343 2648 1515 2722 bajulantes,
1531 2657 1643 2708 sextam
1659 2651 1767 2726 jugiter
1781 2652 1885 2711 feriam

120 2730 234 2801 positus
252 2740 517 2810 mortuorumque
537 2747 693 2812 conceptus
711 2738 802 2797 estin
820 2740 980 2799 uteroVIr·
1024 2736 1177 2795 celebrare,
1200 2736 1339 2811 Alioquin
1364 2738 1389 2796 si
1411 2747 1584 2812 prepostero
1603 2739 1705 2799 ordine
1727 2756 1806 2799 nunc
1829 2743 1885 2800 sub
1960 2761 1962 2768 ¹

118 2820 208 2894 ginis,
225 2821 276 2881 ubi
298 2830 408 2884 constat
431 2826 545 2886 nullum
565 2829 741 2891 seminatum
760 2829 850 2890 luisse
873 2840 978 2890 morta·
1024 2823 1120 2882 carnis
1135 2823 1197 2896 ¹280
1214 2824 1345 2882 Vilssssless
1361 2825 1445 2897 quasi
1460 2824 1641 2885 00ffli¹¹10³ffl
1655 2827 1800 2901 ducimus,
1815 2845 1883 2903 pro-

121 2909 208 2969 lium.
237 2911 328 2974 Natus
351 2922 450 2975 autem
481 2916 605 2978 traditur
630 2926 731 2979 octavo
759 2920 903 2980 Kalendas
929 2921 977 2981 la·
1023 2910 1071 2970 01¹¹
1085 2910 1176 2970 (lubIO
1196 2911 1380 2984 postmodum
1399 2929 1457 2972 1¹0ss
1478 2915 1618 2988 gandium
1639 2915 1755 2988 gnomo
1771 2918 1820 2976 sed
1835 2917 1887 2976 lli·

120 3002 252 3061 naarias.
1023 2999 1173 3058 bulatione
1192 3009 1348 3061 mutamus.
1373 3001 1450 3060 Hiuc
1470 3009 1514 3061 est
1538 3004 1618 3062 euim
1641 3006 1718 3079 quod
1741 3007 1886 3066 Dominus

156 3089 204 3148 Au
223 3091 286 3164 ipso
305 3108 373 3168 ergo
389 3096 585 3170 conceptionis
602 3097 650 3157 die
664 3113 758 3173 usque
774 3099 810 3159 ad
828 3101 905 3160 diem
920 3101 979 3160 Na.
990 3129 1013 3190 G
1025 3089 1100 3148 sicut
1113 3089 1304 3164 quadraginta
1323 3091 1426 3152 diebus
1446 3092 1475 3150 in
1498 3109 1595 3152 eremo
1610 3093 1694 3163 vixit,
1711 3095 1888 3170 totidemque

121 3179 243 3241 tivitatis
263 3181 381 3242 ducenti
406 3187 588 3261 septuaginta
615 3203 667 3246 sex
692 3188 878 3261 reperiuntur
906 3190 977 3263 dies,
1026 3185 1088 3253 post
1100 3180 1340 3239 resurrectionem
1357 3196 1424 3240 cum
1440 3182 1590 3257 discipulis
1608 3183 1677 3254 iuit;
1693 3183 1732 3241 ila
1747 3184 1835 3243 etiam
1852 3184 1887 3244 ab

119 3268 174 3342 eui
187 3271 337 3330 senodum
353 3288 511 3334 uulnerum
525 3275 697 3350 quadragIes
710 3276 806 3335 sexies
821 3278 979 3337 continent,
1024 3268 1087 3342 ipso
1099 3283 1160 3327 suaa
1181 3268 1282 3326 mortis
1300 3269 1431 3341 articulo,
1446 3270 1590 3344 usquead
1605 3269 1771 3331 diluculum
1786 3288 1888 3331 resur-

119 3354 290 3431 nauigatur
313 3375 436 3419 numero
460 3361 608 3435 lapideum
634 3362 708 3422 illud
735 3363 876 3438 templum
901 3365 980 3423 anti·
1025 3356 1161 3416 rectionis
1175 3357 1366 3430 quadraginta
1385 3359 1470 3416 horas
1490 3357 1600 3417 habuit.
1619 3357 1698 3418 Sicut
1718 3360 1808 3433 igitur
1821 3360 1887 3419 illo·

120 3445 224 3519 quitus
249 3453 294 3506 est
318 3448 507 3523 aedificatum,
534 3450 635 3509 eodem
661 3466 778 3526 quosue
804 3468 928 3512 numero
952 3459 979 3511 et
1025 3460 1092 3505 rum
1111 3446 1227 3504 dierum
1251 3460 1384 3517 numero,
1402 3447 1441 3505 ita
1465 3446 1659 3506 nihilominus
1684 3455 1712 3506 et
1736 3448 1886 3521 horarum,

120 3538 263 3611 templum
289 3538 434 3600 Dominio
456 3541 584 3615 corporis
605 3556 656 3617 po
680 3543 829 3602 senarium
849 3552 892 3602 oo
913 3558 981 3617 per.
1025 3532 1254 3607 quasdiximus
1271 3533 1360 3591 totius
1373 3534 1440 3591 vitae
1454 3541 1560 3592 nostrae
1574 3540 1687 3609 tempus
1699 3535 1886 3608 exprimitur,

118 3625 240 3687 leolum.
261 3627 323 3688 Hac
341 3631 540 3691 tantummodo
561 3632 734 3691 discretione
756 3641 878 3704 serrata,
902 3633 980 3708 quod
1028 3632 1060 3685 ut
1081 3625 1155 3683 sicut
1177 3623 1228 3683 ille
1250 3622 1480 3698 quadragenario
1502 3624 1641 3706 horarum
1666 3639 1789 3685 numero
1810 3641 1887 3684 mor-

117 3714 149 3773 in
161 3717 379 3777 constructione
396 3718 495 3794 templi
514 3735 661 3780 annorum
687 3736 828 3782 numerus
850 3724 980 3797 ponitur,
1027 3718 1096 3771 ¹11ssss
1118 3711 1235 3780 mansit,
1249 3710 1299 3769 ita
1312 3719 1341 3768 et
1359 3726 1413 3769 nos
1430 3710 1475 3769 ilfi
1494 3713 1668 3771 fflfflfflffl'llll
1687 3714 1819 3787 (iussfldill
1841 3714 1888 3773 1¹10

116 3803 149 3862 in
167 3778 361 3866 aedificamus
376 3822 445 3866 vem
463 3808 591 3882 eorporis
605 3809 725 3869 pomini
747 3808 862 3871 operum
883 3811 981 3872 calcu.
1027 3801 1167 3872 vivimus
1181 3800 1212 3858 in
1229 3801 1326 3859 earnis
1340 3815 1454 3874 semper
1470 3801 1691 3861 mortificatione
1705 3802 1849 3861 vivamus.

117 3894 166 3951 tus
183 3900 371 3968 supputatur,
1063 3888 1109 3947 Ad
1135 3888 1336 3962 superandum
1362 3903 1431 3961 ergo
1457 3887 1622 3961 diabolum,
1650 3891 1745 3949 crucis
1773 3891 1891 3966 insigne

152 3986 310 4044 annorum
333 3986 424 4060 igitur
438 4003 579 4048 uumerus
597 3988 697 4064 templi
717 3988 799 4049 arrius
820 3990 936 4065 antiqui
956 3990 981 4050 si
1028 3977 1112 4036 nobis
1130 3984 1229 4036 noster
1250 3978 1406 4051 imperator
1426 3977 1621 4049 exhibuiset
1640 3996 1679 4038 ne
1702 3981 1889 4056 musgrave

116 4087 170 4146 per
187 4073 338 4134 senarium
364 4075 491 4145 ducitur,
514 4092 615 4136 omues
638 4078 712 4150 dies,
738 4078 847 4152 quibus
875 4079 984 4139 mansit
1029 4066 1185 4137 videretur,
1208 4065 1288 4139 llius
1309 4066 1370 4140 Ipse
1391 4067 1523 4139 desiliit·
1548 4066 1610 4126 H⁰⁰
1635 4068 1762 4143 denique
1788 4071 1889 4130 salutis

115 4166 267 4225 pominus
291 4167 324 4225 in
348 4167 478 4241 virgineo
501 4176 603 4228 venos
626 4169 796 4244 completur,
822 4170 983 4245 conjuncto
1029 4164 1136 4216 nostrae
1152 4156 1337 4230 signaculum
1357 4172 1415 4216 nou
1434 4156 1530 4217 solum
1548 4158 1646 4230 sacris,
1661 4161 1723 4220 slve
1741 4163 1893 4221 sacrandis

116 4255 221 4331 Imque
244 4271 377 4328 flumem,
391 4274 450 4333 quo
471 4257 648 4333 Dousopspa
669 4275 723 4319 suo
748 4260 824 4331 fecit,
842 4275 908 4320 oum
931 4261 983 4321 1110
1029 4245 1118 4305 rebus
1131 4245 1341 4319 imprimimus,
1355 4247 1405 4305 Sed
1417 4247 1505 4305 etlam
1520 4248 1676 4322 alimentis
1693 4250 1755 4309 SIl'e
1773 4250 1892 4324 qulbus·

116 4359 180 4418 quo
199 4345 339 4419 templum
358 4353 401 4405 est
419 4347 580 4420 consitum,
595 4348 712 4407 osmpni
729 4364 836 4423 oopus
848 4350 983 4422 efficitur,
1030 4335 1101 4394 tinet
1118 4334 1206 4393 etiam
1225 4335 1312 4394 rebus
1334 4335 1498 4396 domesticis
1515 4337 1709 4410 adhibemus3
1725 4347 1757 4399 ut
1770 4340 1891 4398 eviden-

116 4439 153 4492 ut
178 4433 265 4493 nobis
287 4434 373 4494 detur
397 4435 532 4512 intelllgi,
558 4437 628 4512 quia
650 4453 700 4511 per
723 4438 797 4497 illud
821 4438 983 4498 divinitatis
1032 4432 1075 4483 tel
1087 4431 1230 4500 appareat,
1250 4425 1328 4521 quod
1344 4434 1373 4523 5³¹
1387 4426 1483 4523 thO,
1499 4431 1664 4523 etquaeque
1679 4430 1808 4488 hflffl³ss0
1823 4437 1894 4488 suut

118 4520 275 4596 templum,
300 4524 378 4599 quod
395 4524 428 4582 in
450 4522 580 4597 Virginis
603 4532 685 4584 utero
706 4535 904 4586 constructum
928 4535 982 4600 est,
1032 4514 1102 4571 ”Sili
1116 4513 1595 4611 sseoeSfflllashUlllssllllulifffflgssi
1608 4514 1895 4612 aJuresuntdaerno·

119 4609 264 4670 universa
279 4621 349 4671 sum
361 4612 414 4672 osj
429 4627 514 4686 opem
533 4620 701 4673 restauras,
721 4614 802 4674 sicut
818 4614 889 4673 dico
907 4615 986 4689 Apo.
1032 4617 1105 4660 num
1131 4600 1371 4660 absolatal·Nam
1393 4607 1422 4659 et
1443 4603 1474 4658 in
1496 4616 1558 4674 ipso
1578 4600 1778 4676 lledemptorrs
1802 4603 1894 4662 nostri

120 4696 241 4757 stolus:
261 4721 272 4748 ι
288 4698 362 4769 Quia
382 4699 532 4774 proposuit
550 4700 629 4760 Deus
648 4702 680 4760 io
695 4700 909 4777 dispensatione
924 4703 985 4776 olo.
1031 4690 1173 4765 patibulo,
1189 4697 1268 4749 tanto
1285 4705 1344 4750 non
1359 4690 1508 4761 humanae,
1528 4690 1577 4749 sed
1598 4690 1706 4750 dIVIllae
1721 4693 1791 4750 allis
1810 4694 1893 4752 beata

122 4784 275 4845 nitudiuis
303 4795 464 4862 temporum
491 4787 654 4847 instaurare
677 4788 778 4847 omnia
803 4789 834 4847 in
863 4789 987 4863 Christo,
1033 4797 1107 4841 crull
1134 4780 1237 4840 librata
1265 4789 1308 4841 0⁸1
1334 4782 1512 4855 magister&
1541 4788 1574 4840 11²
1597 4788 1683 4855 caput
1713 4783 1828 4842 DOOEIUI
1856 4783 1892 4841 ad

121 4891 194 4950 qnae
207 4876 239 4934 in
258 4876 349 4948 coelis,
361 4883 389 4934 et
407 4877 439 4935 in
461 4876 544 4935 terris
564 4878 682 4935 suntin
707 4877 769 4951 ipso
791 4881 904 4950 (Epioe.
921 4889 986 4948 o.»
1033 4873 1184 4944 orientem,
1195 4873 1281 4947 pedes
1292 4872 1328 4930 ad
1339 4871 1527 4944 occidentem,
1538 4872 1658 4930 dextera
1667 4872 1704 4929 ad
1714 4871 1894 4946 aquilonem,

124 4964 187 5025 Sed
208 4965 265 5023 lroc
281 4966 409 5040 corporis
429 4965 583 5039 templum,
601 4966 678 5039 quod
699 4981 750 5039 per
769 4966 917 5026 senarium
932 4982 988 5027 uu·
1035 4961 1153 5020 sinistra
1167 4962 1293 5021 tenderet
1307 4963 1344 5021 ad
1357 4963 1524 5034 meridiem3
1537 4971 1682 5037 quatenus
1696 4963 1798 5021 mundi
1810 4963 1895 5037 prin-

126 5068 246 5113 merum
268 5052 333 5112 lieri
355 5053 454 5112 divina
472 5053 654 5128 providentia
672 5053 774 5123 voluit,
798 5056 892 5115 trihus
909 5054 990 5115 horis
1035 5052 1128 5125 cipem
1151 5051 1188 5109 ab
1208 5050 1347 5109 omnibus
1367 5053 1497 5126 nudique
1516 5051 1609 5126 plagis
1628 5049 1803 5121 excluderet,
1823 5051 1895 5110 dum

125 5141 251 5203 Iudaica
275 5142 422 5216 impietate
449 5142 632 5213 resolutum,
663 5142 757 5202 triduo
785 5145 989 5218 reaediticarit‚
1036 5146 1191 5222 quadrifidi
1213 5146 1292 5207 orbis
1315 5146 1430 5205 climata
1448 5162 1499 5221 per
1521 5148 1690 5221 quadratam
1715 5146 1810 5204 crucis
1829 5160 1894 5218 spe-

127 5233 208 5293 sicnt
227 5231 288 5307 ipse
307 5231 399 5291 dicit:
418 5254 432 5284 a
456 5231 566 5291 Solvite
582 5231 722 5306 templum
737 5232 800 5305 lanc,
820 5240 925 5308 etpost
939 5233 991 5291 tri·
1036 5236 1111 5295 ciem
1128 5243 1288 5309 occuparet.
1304 5233 1386 5292 Unde
1399 5241 1427 5292 et
1444 5236 1505 5308 ipse
1518 5235 1586 5293 dicit
1603 5253 1610 5292 :
1626 5257 1640 5289 a
1655 5235 1740 5294 Nunc
1750 5234 1896 5307 indictum

126 5324 225 5384 duum
241 5323 423 5383 reaedidcalro
442 5322 527 5382 illud.
548 5321 609 5382 Hoc
624 5330 732 5395 autem,
749 5322 846 5398 inquit
865 5339 991 5396 evange-
1038 5331 1081 5384 est
1093 5324 1207 5395 mundi,
1219 5339 1299 5382 nunc
1315 5322 1447 5397 princeps
1459 5323 1549 5398 lanius
1561 5325 1664 5383 mundi
1676 5323 1808 5397 ejicietur
1821 5323 1897 5381 loros

123 5412 219 5484 lista,
245 5411 358 5471 atreum
385 5412 422 5470 de
445 5410 552 5486 templo
578 5410 704 5486 corporis
730 5412 777 5470 sni
801 5412 887 5484 (loon.
915 5411 990 5484 nt.»
1039 5403 1208 5485 (lomna).
1227 5436 1239 5463 ι
1257 5410 1305 5471 Sic
1327 5410 1369 5470 sic
1390 5425 1495 5484 nempe
1516 5411 1613 5472 decuit
1637 5413 1772 5471 omnium
1792 5427 1897 5486 perra-

120 5500 190 5562 Nee
213 5500 379 5574 mirumst
402 5501 479 5575 quod
497 5514 549 5574 per
573 5500 721 5560 senarium
740 5500 848 5559 lactum
869 5502 922 5571 est,
942 5515 993 5574 per
1039 5501 1183 5563 soremab
1196 5500 1333 5562 omnibus
1345 5497 1435 5558 simul
1453 5499 1529 5573 ejici,
1544 5499 1609 5560 talis
1625 5515 1677 5575 pro
1690 5500 1778 5561 totius
1791 5499 1896 5560 mundi

123 5591 294 5652 ternarium
310 5592 346 5650 sit
361 5589 502 5665 solutum,
515 5605 567 5664 per
585 5590 746 5653 ternariam
760 5606 876 5668 quoque
889 5606 991 5652 rursus
1040 5593 1133 5656 salute
1147 5593 1241 5655 nostia
1253 5590 1354 5652 debuit
1367 5590 1521 5665 immolari,
1537 5607 1606 5666 quae
1619 5597 1648 5652 et
1663 5607 1715 5667 per
1731 5587 1896 5653 sacramen·
