4100 6209
33 51 35 94 l

104 283 147 345 tlt
702 281 815 344 LIBER
833 282 1020 355 QUARTUS,
1041 281 1159 343 EPIST.
1181 282 1231 343 lx.
1792 291 1846 353 att

102 406 284 484 neuquidem
295 404 581 480 potestmiseratione
592 406 1031 480 praesumeresednescioleis
1045 408 1091 466 nis
1107 407 1233 466 intentur
1251 407 1380 482 injuriae,
1395 410 1431 468 ad
1448 410 1604 470 indicenda
1619 413 1751 488 protinus
1767 416 1845 477 bella

101 507 188 561 noum
201 496 340 555 valeatin
355 494 571 571 quantumlibet
585 495 812 557 exuberantium
827 498 947 556 merito·
987 494 1155 570 prosiliunt,
1168 502 1348 558 armatomm
1362 514 1471 559 euneos
1495 499 1657 576 instruunt,
1675 502 1775 580 sicque
1788 507 1844 566 bo·
1890 499 1893 505 ’

101 604 157 648 rum
170 600 293 646 suorum
303 585 456 644 mauritate
466 584 602 650 dormire.
612 586 771 660 praesertim
783 601 849 645 cum
858 601 946 646 mun·
987 590 1045 642 stes
1062 599 1131 644 suos
1148 585 1246 645 acrius
1265 586 1345 659 tone,
1362 602 1451 661 quam
1470 588 1532 648 laesi
1549 590 1674 658 inerant.
1692 593 1842 654 ulciscun-

99 677 145 737 dus
153 675 284 749 undique
292 673 407 744 namet,
421 672 555 746 undique
562 673 643 732 velut
652 674 817 735 maximum
827 676 947 750 pelagus
986 678 1045 731 tur.
1059 672 1142 741 Quod
1157 673 1231 732 mibi
1247 673 1332 747 plane
1344 676 1414 735 satis
1425 677 1540 737 ridetur
1552 679 1726 752 absurdum,
1739 690 1772 742 ut
1786 685 1842 759 ipsi

98 763 349 825 intumescentibus
364 760 545 838 procedisse
560 761 679 833 attollat,
697 767 847 839 unusque
860 764 946 824 nobis
986 760 1104 821 Domini
1122 762 1282 823 sacerdotes
1299 769 1440 823 attentent
1455 767 1533 840 quod
1558 768 1653 828 turbis
1671 771 1843 846 vulgaribus

33 849 34 866 ¹
98 855 327 930 quibuscumque
345 850 510 924 raptoribus
528 851 675 912 molestias
694 852 817 926 ingerat,
838 857 872 912 ut
888 858 945 911 ter·
986 850 1167 925 prohibetur,
1179 858 1208 912 ct
1221 854 1298 928 quod
1312 854 1601 930 nerbisimpugnant,
1618 860 1842 933 operibusasse-

33 963 34 1020 j
99 942 170 1003 renis
189 941 289 1015 potius
309 954 364 999 nos
381 939 526 999 inservire
545 940 669 1014 negotiis
690 955 779 1016 quam
797 941 948 1015 obsequiis
988 945 1063 999 rant.
1079 941 1154 1013 Quid
1170 944 1249 1001 eninr
1268 943 1362 1017 magis
1382 941 1558 1003 Christianae
1575 945 1632 1021 legi
1649 948 1842 1014 videturesse

33 1039 35 1076 t
99 1045 193 1091 recuro
210 1026 331 1098 divinia
355 1027 402 1087 rel
418 1027 455 1086 ad
474 1027 610 1101 puritatis
630 1028 757 1103 aspirare
771 1029 947 1089 munditiam
987 1031 1164 1090 eontrarium
1178 1047 1267 1106 quam
1287 1031 1442 1091 redhibitio
1454 1033 1634 1093 laesionnmt
1650 1035 1715 1110 Ubi,
1729 1055 1841 1113 quaeso,

99 1116 433 1199 plerumquecompellat.
443 1117 591 1192 Malignus
603 1118 688 1192 plane
704 1118 823 1193 spiratus
838 1120 946 1182 huma·
988 1124 1058 1176 sunt
1072 1124 1111 1177 tot
1125 1119 1272 1194 praeconia
1285 1118 1498 1194 Scripturarum
1511 1123 1525 1179 t
1537 1121 1592 1180 Ubi
1606 1123 1685 1197 quod
1698 1125 1843 1188 Dominus

100 1225 162 1270 num
177 1224 271 1284 genus
282 1221 361 1266 nuno
374 1206 459 1266 solito
471 1207 734 1282 vehementiusper
745 1207 845 1267 omnia
862 1207 947 1268 nitio-
987 1205 1078 1266 dicit:
1100 1231 1110 1260 ι
1130 1207 1245 1284 Siquis
1264 1210 1317 1268 tibi
1331 1209 1407 1284 quod
1432 1215 1517 1270 tunm
1530 1216 1574 1270 est
1592 1212 1691 1273 tulerit
1707 1231 1743 1274 ne
1760 1233 1842 1292 repe-

99 1314 155 1359 rum
168 1297 293 1372 abrupta
306 1293 681 1370 precipitat,rrncnlenrius
692 1301 789 1356 tamen
800 1296 946 1371 odiorum,
989 1303 1032 1354 tas
1051 1299 1126 1367 (boc.
1144 1301 1197 1367 vn).
1217 1320 1228 1350 ι
1253 1296 1284 1357 Si
1301 1299 1381 1358 enim
1399 1299 1484 1358 nobis
1498 1315 1558 1359 non
1572 1297 1639 1360 licet
1651 1302 1752 1362 eadem
1769 1305 1841 1379 ipsa,

98 1384 527 1447 aesimuttatnmomneslinore
535 1385 948 1463 perturbat'i'otenimquoti-
988 1399 1056 1461 quae
1076 1385 1160 1445 nobis
1183 1385 1279 1444 ablata
1296 1393 1376 1456 sunt,
1395 1395 1540 1461 repetere;
1564 1390 1711 1462 quomodo
1728 1407 1780 1466 pro
1794 1393 1842 1452 bis

98 1475 137 1534 die
152 1473 229 1534 bella
241 1472 416 1542 deseviunt,
430 1479 551 1532 munstre
565 1472 642 1534 acies
654 1479 809 1549 proruunt,
825 1472 946 1535 hostiles
986 1475 1054 1534 lieet
1075 1474 1193 1535 ultoria
1216 1475 1416 1536 retributionis
1442 1476 1551 1537 vulnus
1577 1478 1687 1538 inferre
1704 1479 1718 1539 t
1735 1482 1790 1541 Ubi
1812 1488 1841 1541 et

97 1566 215 1641 impetus
226 1565 433 1625 inhorrescunt
446 1569 479 1624 nt
492 1563 529 1623 de
547 1563 726 1626 militaribus
739 1565 860 1640 quidem
873 1567 945 1627 viris
984 1563 1059 1625 illud
1085 1584 1092 1624 ι
1114 1584 1129 1620 r
1153 1565 1185 1626 Si
1200 1565 1375 1640 percusserit
1393 1565 1446 1627 tibi
1466 1566 1628 1639 maxillam,
1646 1570 1745 1644 prebe
1764 1573 1791 1631 ei
1814 1579 1844 1632 et

96 1657 183 1732 plures
190 1655 309 1731 gladius
320 1655 454 1715 videatur
464 1655 628 1726 absumere,
641 1672 731 1730 quam
741 1658 773 1716 in
783 1658 944 1733 grabatulis
984 1655 1105 1714 alteram
1122 1675 1128 1715 :
1143 1655 1169 1715 si
1182 1655 1376 1730 angariaverit
1397 1663 1425 1715 te
1447 1656 1530 1715 mille
1544 1673 1658 1731 passus,
1674 1659 1747 1720 vade
1771 1675 1841 1720 cum

97 1746 271 1821 quiescentes
296 1760 443 1820 eorporeae
469 1744 646 1806 conditionis
679 1747 823 1822 aegritudo
845 1749 1016 1833 finire,Beo
1029 1743 1090 1803 duo
1103 1743 1161 1803 alia
1180 1743 1297 1803 millia:
1317 1744 1342 1803 si
1368 1744 1467 1803 tulerit
1481 1745 1534 1803 tibi
1553 1747 1695 1820 tunicam,
1712 1748 1750 1806 da
1767 1749 1795 1807 ei
1812 1759 1841 1808 et

97 1840 125 1894 at
142 1833 352 1910 propemodum
376 1834 467 1894 maris
490 1848 573 1894 more
590 1840 707 1909 geratur
727 1835 777 1896 hic
801 1836 940 1898 mundns.
981 1831 1105 1907 pallium
1130 1834 1243 1906 (Meet.
1258 1833 1299 1903 v).
1319 1854 1331 1884 ι
1351 1834 1390 1891 Ar
1407 1832 1526 1892 fortasse
1544 1833 1611 1908 quis
1629 1833 1728 1911 objicit
1746 1837 1841 1897 turbis

99 1924 170 1986 Sicut
196 1923 278 1984 enim
301 1939 369 1984 oum
387 1929 542 1984 ventorum
560 1928 714 1999 tempestas
730 1924 870 1999 oboritur,
885 1928 942 1987 cri·
983 1920 1174 1981 secularibus
1203 1922 1265 1980 baec
1289 1936 1351 1980 esse
1377 1921 1522 1995 mandata,
1551 1938 1611 1983 non
1633 1924 1841 2000 sacerdotibus,

97 2019 189 2087 spante
213 2012 317 2072 mitius
338 2011 452 2087 pelago,
470 2013 502 2072 in
522 2012 630 2072 vicinia
648 2012 754 2073 littoris
778 2020 867 2074 aestus
883 2016 942 2074 ier·
984 2012 1128 2073 nimirum
1156 2022 1188 2074 ut
1214 2012 1409 2072 Ecclesiarum
1435 2013 1576 2087 presules
1598 2015 1662 2075 baec
1683 2016 1843 2091 predicare

98 2103 201 2162 aendor
227 2101 391 2173 excitatum
419 2100 492 2157 114
515 2101 555 2160 ita
588 2102 724 2162 nuncin
754 2103 813 2163 tine
840 2105 944 2165 mundi
986 2102 1121 2174 debeant,
1146 2118 1205 2163 non
1225 2118 1351 2162 servam.
1378 2102 1435 2163 Sed
1456 2105 1523 2180 quis
1544 2105 1598 2164 boc
1622 2106 1668 2164 vel
1695 2106 1842 2182 desipiens

97 2191 167 2252 velut
177 2191 280 2251 aicium
293 2191 383 2250 maris
395 2190 501 2263 liltore,
517 2191 684 2252 furentibus
703 2191 817 2253 dissidii
836 2194 945 2256 discor·
986 2196 1102 2266 sentiat,
1114 2210 1183 2254 cum
1198 2194 1342 2253 Dominus
1357 2194 1432 2253 dieat
1446 2213 1453 2253 :
1468 2217 1482 2246 α
1497 2193 1553 2265 Qui
1568 2194 1687 2255 solverit
1700 2212 1795 2256 unum
1806 2198 1842 2257 de

98 2279 204 2353 direque
222 2278 369 2356 procellis,
385 2285 490 2340 cuncta
508 2280 664 2341 bominum
682 2282 769 2342 eorda
789 2290 943 2356 vexantur,
986 2283 1133 2344 mandatis
1149 2283 1213 2342 istis
1236 2282 1380 2356 minimis,
1398 2280 1469 2338 115
1493 2290 1521 2343 et
1539 2283 1668 2343 docuerit
1687 2285 1728 2343 sic
1743 2286 1842 2345 bomi-

96 2374 272 2445 ettanquam
292 2368 438 2442 spumosis
454 2368 591 2429 fluctibus
605 2369 772 2431 illiduntur.
797 2371 945 2433 instabilis
985 2390 1048 2444 nes,
1063 2372 1206 2431 minimus
1224 2371 1375 2431 vocabitur
1394 2372 1426 2430 in
1444 2387 1535 2446 regno
1548 2373 1699 2433 coelorum.
1715 2374 1772 2446 Qui
1785 2391 1839 2436 an-

96 2459 166 2518 enim
180 2457 330 2519 homicide
343 2458 442 2517 omnia
461 2464 615 2530 scrutatur,
629 2461 729 2520 omnia
746 2461 850 2521 mundi
865 2463 946 2524 velut
985 2471 1044 2523 tem
1063 2463 1172 2533 lecerit,
1185 2465 1215 2520 et
1231 2460 1368 2530 docuerit,
1386 2477 1512 2535 maguus
1531 2461 1682 2523 vocabitur
1700 2467 1839 2534 (luidis

95 2548 176 2608 unius
193 2549 261 2622 agri
281 2547 344 2608 loca
362 2547 530 2623 perlustrat,
556 2564 594 2608 ne
618 2549 689 2624 quid
711 2548 905 2612 infecundum
927 2569 946 2612 a
986 2549 1125 2612 Sacerdos
1148 2551 1258 2625 itaque,
1282 2550 1334 2625 qui
1359 2551 1390 2610 in
1412 2566 1501 2626 regno
1528 2551 1669 2613 coelorum
1688 2555 1752 2613 vult
1777 2570 1841 2614 esse

94 2636 169 2698 liridi
188 2638 304 2699 fomitis
321 2638 433 2699 maone
451 2644 612 2714 pretereat.
628 2640 707 2700 Hinc
722 2645 777 2711 est,
802 2642 881 2717 quod
908 2642 945 2702 ad
984 2657 1119 2716 magnus,
1141 2642 1179 2701 sit
1201 2642 1233 2700 in
1257 2640 1363 2716 populo
1386 2641 1525 2716 praevius,
1552 2647 1586 2700 ut
1608 2643 1687 2717 quod
1715 2658 1785 2703 voce
1809 2659 1840 2703 se

94 2728 272 2788 eoeledastici
292 2733 384 2788 status
402 2729 568 2789 universale
586 2729 750 2803 periculum
763 2730 800 2790 ab
817 2731 944 2792 invicem
986 2730 1178 2805 sequentibus
1201 2729 1300 2799 dictat,
1322 2728 1437 2804 primus
1454 2729 1517 2802 ipse
1535 2729 1613 2788 viris
1632 2730 1771 2804 operibus
1788 2732 1842 2790 im·

95 2817 281 2878 ammodum
311 2815 527 2892 imperiumque
551 2816 696 2887 resiliunt,
722 2823 809 2892 atque
830 2819 868 2878 ab
892 2820 944 2880 Dei
985 2819 1072 2892 pleat.
1091 2816 1185 2886 Unde,
1202 2822 1236 2876 ut
1252 2815 1349 2876 omnis
1367 2815 1449 2891 pravi
1472 2815 1636 2876 inteDectus
1652 2817 1764 2877 occasio
1784 2819 1841 2876 tol-

95 2905 296 2980 omnipotentis
311 2903 451 2980 injuriam
466 2921 548 2965 nunc
565 2921 634 2966 cum
651 2920 731 2967 unns
744 2921 818 2982 papa
830 2907 862 2966 in
873 2922 943 2982 apo·
985 2908 1073 2980 latur,
1091 2905 1206 2980 primus
1214 2903 1266 2963 ille
1275 2905 1352 2963 inter
1367 2903 1504 2964 Ecclesiae
1521 2904 1683 2965 sacerdotes
1695 2921 1754 2966 non
1773 2906 1837 2965 ait:

95 2992 187 3054 stolim
201 2993 241 3053 sit
258 2994 332 3054 solio
349 2994 534 3068 constitutus,
553 2993 657 3054 altera
674 2995 785 3055 linibus
797 2996 944 3071 aquilonis
984 2994 1119 3066 Domine,
1136 2993 1250 3069 quoties
1267 2992 1427 3067 peccarent
1445 2993 1533 3052 bater
1550 2994 1582 3052 in
1608 2993 1736 3065 tratrem,
1752 2999 1781 3052 et
1796 2993 1840 3052 di-

95 3083 250 3145 tenuatur
264 3085 372 3146 electus
392 3085 454 3161 (88).
477 3086 533 3147 sm
547 3084 600 3146 ille
618 3101 700 3161 papae
713 3086 870 3147 abusivum
890 3104 941 3163 pa·
954 3084 1082 3193 Cmittet
1092 3083 1121 3142 ei
1134 3080 1150 3142 ἱ)
1162 3082 1211 3142 sed
1223 3082 1358 3142 omnium
1371 3081 1468 3155 potius
1482 3081 1661 3141 sacerdotum
1676 3099 1795 3143 causam
1808 3084 1840 3143 in

94 3187 154 3246 pam
171 3174 278 3247 procul
295 3173 386 3234 dubio
404 3174 583 3250 superaddit,
601 3174 653 3249 qui
671 3175 785 3250 primus
809 3175 942 3250 omnipo-
984 3188 1046 3232 uua
1059 3171 1107 3231 sui
1121 3184 1242 3244 persona
1255 3170 1444 3240 constituens,
1468 3190 1483 3224 a
1505 3169 1638 3241 Domine,
1651 3171 1758 3248 inquit,
1770 3188 1841 3248 quo

95 3262 174 3322 ends
196 3262 253 3323 Dei
277 3263 454 3324 uocabulum
476 3263 583 3339 plurali
610 3278 735 3324 numero
760 3262 941 3324 declinarit:
984 3262 1038 3322 ties
1063 3261 1222 3335 peccaverit
1243 3260 1274 3319 in
1294 3276 1341 3319 me
1359 3260 1448 3319 trater
1464 3271 1558 3331 mens,
1580 3267 1608 3319 et
1627 3260 1772 3321 dimittam
1790 3262 1842 3322 eir

95 3349 220 3424 «Eritis
238 3350 389 3427 inquiens,
412 3352 487 3412 sicut
502 3351 554 3422 dii,
571 3351 695 3411 scientes
709 3351 819 3414 bonum
838 3358 867 3411 et
880 3369 943 3412 ma·
984 3365 1078 3425 usque
1089 3349 1194 3424 septies
1207 3349 1221 3406 t
1233 3351 1345 3418 (Mcttlr.
1362 3352 1461 3417 xvln.)
1478 3373 1492 3399 ι
1508 3348 1638 3422 Dumque
1650 3348 1708 3407 sibi
1720 3365 1839 3424 respon-

95 3435 240 3510 lumltlarr.
252 3444 305 3510 ml.
318 3462 329 3492 ι
344 3439 508 3515 Superque
520 3440 663 3500 nimirum
676 3441 944 3514 potiusllerecom·
984 3439 1101 3504 deretur
1134 3452 1256 3512 rusque
1282 3436 1445 3509 septuagies
1462 3436 1567 3509 septies
1592 3439 1713 3506 libidis
1740 3437 1841 3496 indul-

93 3526 236 3601 pdlimur,
250 3543 340 3604 quam
358 3529 506 3603 prolixius
522 3529 593 3604 quid
612 3529 737 3590 scribere
755 3531 941 3591 delectemur.
983 3528 1122 3602 gendum,
1139 3522 1324 3594 nullumjam
1337 3522 1374 3581 de
1385 3524 1528 3582 servando
1539 3539 1556 3582 a
1567 3522 1764 3584 sacerdotibus
1773 3523 1842 3584 uni-

94 3611 179 3687 Dnde,
205 3631 276 3676 cum
305 3621 373 3676 ante
396 3615 509 3693 aliquot
530 3616 593 3677 dies
616 3618 742 3693 hymnos
763 3618 944 3695 rhythmicos
983 3614 1090 3674 versati
1108 3612 1246 3672 mandato
1265 3610 1398 3670 relictum
1422 3610 1536 3671 uidetur
1559 3609 1744 3686 ambignum.
1764 3612 1844 3672 Luca

93 3697 184 3763 dendo
195 3703 424 3779 depromerem:
983 3704 1072 3764 etiam
1092 3702 1270 3776 evangelista
1298 3705 1420 3761 testante
1445 3702 1583 3761 docemur
1610 3701 1689 3777 quia,
1719 3701 1843 3762 Domino

227 3793 312 3854 Heul
328 3794 586 3870 sedesapostollca,
984 3793 1147 3855 Jerusalem
1175 3797 1357 3866 properante,
1381 3790 1518 3865 discipuli
1535 3790 1730 3865 precedentes
1750 3792 1843 3850 intra·

266 3882 352 3943 Orbis
362 3883 436 3945 olim
452 3883 556 3961 gloria,
985 3890 1092 3944 verunt
1108 3881 1212 3942 urbem
1230 3881 1490 3948 Samaritanorum,
1505 3887 1538 3939 ut
1554 3879 1599 3938 illi
1618 3885 1753 3953 pararent
1765 3883 1842 3950 (Luc.

267 3972 365 4046 Nunc,
378 3974 453 4049 prob
467 3974 568 4035 dolor!
581 3975 704 4037 efficeris
985 3976 1039 4046 rx).
1056 3973 1189 4048 Dumque
1201 3971 1269 4031 illos
1284 3971 1459 4032 Samaritam
1471 3970 1642 4032 nullatenus
1658 3970 1842 4046 recepissent,

268 4058 390 4122 Oiiieina
405 4060 548 4135 Simonis;
985 4061 1123 4123 commoti
1147 4059 1271 4121 lacobus
1296 4066 1324 4120 et
1341 4059 1479 4131 loannes,
1504 4058 1684 4118 humanitate
1705 4059 1842 4131 meante,

233 4148 347 4209 Terent
360 4150 499 4211 incudem
514 4151 623 4225 mallei,
986 4152 1127 4210 dixerunt
1142 4171 1149 4207 :
1168 4173 1183 4198 «
1195 4148 1330 4216 Domine,
1344 4147 1390 4206 vis
1406 4147 1532 4206 dicimus
1544 4153 1579 4207 ut
1593 4146 1671 4219 ignis
1689 4146 1844 4205 descendat

268 4236 391 4297 Nummi
404 4247 475 4300 sunt
489 4240 622 4313 tartarei3
985 4239 1022 4298 de
1035 4238 1108 4297 cralo
1122 4242 1151 4296 et
1163 4240 1316 4296 consumat
1333 4235 1410 4307 illos,
1425 4234 1499 4294 sicud
1514 4233 1593 4293 Elias
1606 4233 1701 4293 lecit?
1718 4259 1731 4284 »
1746 4236 1845 4304 (ibid.)

263 4326 348 4387 lusto
360 4327 414 4388 Dei
427 4328 539 4404 judicio
985 4326 1055 4387 llox
1073 4340 1234 4386 conversus
1253 4324 1415 4400 increpavit
1440 4323 1517 4396 illos,
1541 4321 1665 4383 dicens:
1696 4321 1844 4382 «Nescitis

268 4414 316 4475 Fit
329 4416 385 4477 ista
397 4418 534 4491 oonrlitio,
985 4416 1069 4491 cujus
1081 4414 1201 4490 spiritus
1213 4414 1284 4474 estis
1297 4413 1410 4474 :Filius
1422 4412 1550 4472 bominis
1563 4426 1623 4472 non
1636 4413 1717 4471 venit
1730 4413 1843 4470 animas

233 4503 272 4564 Ut
283 4504 418 4578 quisquis
428 4504 613 4581 apostolicam
952 4493 1116 4578 Dperdere,
1131 4502 1182 4561 sed
1192 4504 1313 4561 salvare.
1328 4525 1342 4552 ι
1359 4501 1415 4561 Dbi
1431 4516 1501 4560 mox
1516 4500 1673 4559 subditur:
1691 4522 1703 4550 ι
1719 4498 1755 4557 lit
1767 4497 1843 4557 abie·

269 4594 375 4656 Sedem
387 4596 476 4656 semel
491 4593 650 4673 comparat,
984 4597 1055 4652 runt
1076 4593 1108 4651 in
1127 4590 1207 4651 aliud
1226 4590 1376 4650 casteDum
1398 4588 1503 4662 (liidg
1520 4606 1536 4640 r
1555 4603 1589 4647 ao
1608 4588 1633 4646 si
1652 4602 1711 4646 non
1731 4586 1841 4661 lingua,

267 4683 422 4747 Redimens
433 4701 491 4748 non
505 4688 630 4763 nminat,
985 4679 1035 4739 sed
1058 4693 1143 4753 opere
1168 4677 1336 4752 loqueretur
1355 4700 1363 4736 ι
1383 4676 1449 4735 date
1468 4676 1564 4736 locum
1586 4674 1647 4744 irae,
1675 4672 1722 4732 rel
1749 4673 1845 4748 potius

267 4777 366 4839 Donec
380 4779 457 4840 male
475 4785 594 4855 pereat:
984 4767 1062 4846 quod
1081 4768 1143 4842 ipse
1160 4766 1231 4826 dicit
1251 4786 1258 4826 :
1283 4788 1294 4819 ι
1312 4764 1342 4825 Si
1363 4780 1415 4824 nos
1436 4763 1578 4840 persecuti
1601 4761 1709 4822 inerint
1729 4760 1760 4819 in
1782 4776 1842 4820 una

93 4857 138 4920 bis
153 4862 252 4935 dicds,
270 4881 333 4940 prae
347 4865 446 4927 dolore
459 4868 597 4929 contabui
612 4874 641 4928 et
661 4867 766 4928 addere
783 4866 942 4944 supersedi.
984 4859 1109 4928 civiate,
1124 4857 1217 4933 fugite
1230 4857 1263 4917 in
1276 4857 1363 4916 aliam
1378 4858 1489 4930 (Medd.
1508 4858 1583 4922 ll·r
1698 4938 1705 4949 ο

127 4948 181 5009 sed
196 4967 266 5012 cum
285 4954 363 5015 intes
379 4963 484 5015 wrm
498 4956 668 5031 1⁰21qu
685 4957 793 5017 nostris
807 4955 944 5029 tempori.
1022 4946 1089 5006 Vita
1108 4947 1204 5022 plane,
1224 4961 1312 5020 quem
1334 4943 1465 5004 Salvator
1484 4947 1579 5001 noster
1595 4940 1684 5014 gessit
1696 4955 1727 4998 m
1742 4954 1840 5010 carne,

92 5034 144 5098 bus
162 5049 331 5118 emergunt,
346 5044 424 5120 ipsas
445 5061 563 5122 quoque
585 5046 728 5107 Ecclesiae
754 5045 876 5106 violenti
893 5046 945 5104 tro-
986 5053 1047 5096 non
1062 5037 1162 5096 minus
1175 5050 1264 5110 quam
1281 5033 1446 5109 praedicatio
1465 5029 1641 5105 evangelica,
1657 5028 1742 5088 nobis
1759 5033 1843 5087 estet

93 5128 185 5191 minna
222 5133 383 5194 insolenter
419 5135 584 5210 opprimant
620 5151 654 5195 ac
690 5134 800 5210 predia
826 5136 947 5208 (comate
987 5125 1131 5201 proposita
1158 5123 1291 5183 tenende
1308 5121 1386 5182 linea
1400 5118 1571 5193 disciplinae.
1594 5115 1675 5177 Sicut
1694 5131 1762 5189 ergo
1780 5118 1842 5192 lpse

91 5212 200 5276 &tutia
215 5221 256 5276 od
271 5223 372 5279 murm
390 5222 534 5295 opuscula),
554 5220 602 5281 nel
622 5220 763 5296 quaelibet
783 5222 859 5280 bona
872 5220 947 5280 sacri
987 5219 1091 5273 cuncta
1112 5213 1216 5272 mundi
1238 5213 1361 5271 iurantis
1387 5207 1545 5276 obstacula,
1564 5222 1622 5265 non
1646 5221 1697 5279 per
1718 5206 1842 5267 districti

89 5305 161 5379 iuris
175 5309 330 5381 invadant,
343 5312 503 5371 nonnullos
515 5316 623 5382 monet,
638 5318 739 5372 utrum
753 5311 947 5371 Doclesiarum
987 5301 1133 5364 examinis
1150 5300 1302 5369 ultionem,
1322 5297 1371 5356 sed
1391 5313 1442 5370 per
1465 5296 1604 5354 invictam
1629 5296 1777 5370 superauit
1795 5297 1843 5355 in·

91 5402 215 5458 remores
232 5405 368 5473 expetere
381 5398 539 5460 eumcum
554 5399 690 5473 debeant,
703 5405 738 5458 nt
754 5399 841 5459 malis
858 5396 946 5470 mma,
987 5405 1136 5453 concussae
1168 5387 1315 5464 patientiae
1344 5385 1532 5459 monetalem,
1562 5386 1601 5443 ita
1628 5386 1710 5445 dodel
1737 5383 1843 5444 mundi

91 5496 167 5544 more
185 5484 387 5559 sardanum
406 5486 541 5547 reddant.
559 5485 633 5546 llam
659 5486 791 5562 plerique
811 5500 893 5559 mox,
913 5489 948 5546 ut
987 5478 1097 5542 rabiem
1121 5477 1219 5554 potins
1246 5474 1452 5550 equanimiter
1474 5473 1551 5534 terre
1576 5488 1664 5547 mam
1691 5472 1738 5533 nel
1763 5486 1844 5531 arma

117 5581 170 5648 iffi]
183 5582 333 5640 &dueum
345 5584 480 5651 lntelllgrt.
