4100 6209
132 319 190 391 gn
348 254 351 257 ⁵
836 308 928 369 vrri
947 305 978 367 s.
999 300 1185 365 ourionis.
1836 297 1891 360 sas

131 444 338 522 mppuutione
351 443 498 519 colligaret
509 458 577 519 quae
591 448 685 518 posset
702 456 765 501 essa
779 453 895 501 summa
918 436 993 497 mis·
1005 427 1886 507 hgaudisporroJudiciia,acmodispoeaitentiaepraebgendis,

130 550 243 607 muna,
272 548 346 610 quas
371 532 530 593 celebravit
551 547 605 607 per
628 531 756 605 spatium
782 528 998 606 quinquaginta
1040 528 1099 581 mm
1114 520 1261 595 pinserat,
1276 526 1394 579 ettanta
1407 516 1598 579 maerentibus
1613 516 1792 577 humanitate
1810 532 1891 577 oom-

132 620 690 696 sexauncrum,quibusmunasterium
703 619 789 679 rexit.
806 618 998 693 lnquoiacto
1040 611 1165 686 patiens,
1192 618 1225 670 ut
1245 624 1431 686 nequaquam
1454 605 1529 666 404
1549 610 1713 672 districtum
1732 611 1822 687 patris
1836 610 1894 670 im·

133 709 499 789 iiqnidodeprcbenditnr,
513 725 602 785 quam
617 709 768 779 diuturna,
783 722 873 784 qnam
889 706 998 766 indeil·
1041 699 1166 776 perium,
1190 699 1241 759 sed
1262 708 1427 760 maternum
1452 700 1549 775 potius
1572 699 1722 760 exhiberet
1746 700 1893 760 allectum.

133 804 216 862 mens
229 800 325 861 divini
336 799 446 859 amoris
460 799 578 858 flamm
593 798 669 858 beati
682 798 738 858 viri
752 804 853 871 pectus
868 795 997 869 excoxit,
1040 787 1125 849 Unde
1137 804 1169 848 se
1182 787 1471 863 reprehendentibus,
1486 788 1654 862 hujusmodi
1673 786 1772 848 verbis
1784 787 1894 847 solebat

134 890 216 966 qnod
239 889 383 950 nimirem
407 886 445 947 ab
474 886 629 948 diluendis
660 885 791 961 quotidie
817 884 998 945 salutaribus
1039 878 1185 953 eleganter
1201 875 1330 936 alludere
1346 894 1354 936 ε
1368 880 1488 935 mmai
1505 877 1681 936 damnandus
1702 881 1765 943 sim,
1787 877 1893 951 inquit,

136 978 240 1040 hostiis
263 976 399 1038 coluimus
417 983 458 1036 tot
470 991 618 1048 curarunt,
634 981 674 1035 tot
687 974 893 1050 ingruentium
907 987 997 1047 nego·
1039 970 1113 1026 molo
1124 974 1215 1026 mmm
1229 968 1473 1033 demumcmdic,
1490 985 1572 1041 qnam
1589 985 1624 1025 ec
1638 969 1745 1026 domoc
1765 969 1809 1025 vei
1831 985 1892 1026 na·

136 1067 247 1128 tioram
260 1063 426 1125 sollicitudo
440 1079 497 1125 non
512 1065 618 1140 potuit.
1040 1057 1156 1114 dcittnte
1167 1057 1306 1116 damnari.
1328 1055 1408 1116 Inter
1426 1063 1544 1117 amietos
1562 1063 1662 1117 autem
1686 1062 1800 1115 sanctos
1820 1053 1896 1114 circa

173 1157 209 1217 ln
217 1154 374 1231 erogandis
390 1162 528 1229 praterea
540 1154 734 1230 eleemosynis
749 1154 789 1214 ita
808 1153 906 1228 largus
926 1159 997 1227 erat,
1039 1143 1153 1204 beatam
1176 1144 1229 1204 Dei
1252 1144 1427 1206 debitricem
1447 1152 1506 1206 mut
1520 1144 1724 1206 ardentissima
1742 1142 1895 1206 devotione

139 1251 173 1307 ot
185 1244 322 1307 nonnulli
336 1244 408 1304 dum
422 1259 490 1304 eum
506 1244 606 1305 omnia
616 1242 830 1319 dispergentem
848 1242 912 1303 sine
924 1258 999 1302 eun·
1040 1233 1189 1308 flagrabat,
1210 1241 1243 1296 ut
1254 1234 1427 1296 constitutus
1446 1235 1478 1294 in
1497 1236 1586 1295 choro
1600 1233 1800 1309 psallentium.
1827 1248 1894 1292 cum

137 1333 261 1395 marone
278 1333 487 1408 conspicerem,
508 1350 565 1394 110„
581 1328 821 1409 dispeuffiffioem‚
835 1333 886 1394 geg
905 1332 1001 1408 propi.
1040 1322 1076 1381 ad
1090 1322 1175 1383 ilium
1189 1324 1302 1384 veniret
1314 1340 1352 1386 ex
1367 1324 1583 1385 modulantium
1601 1323 1793 1385 alternatione
1811 1321 1897 1382 versi·

137 1436 210 1498 gum
234 1421 415 1495 judicarent;
438 1421 600 1496 praesertim
625 1423 756 1499 quodam
779 1431 906 1496 tempore
927 1422 1000 1482 dum
1040 1410 1159 1472 cultim:

136 1511 233 1573 fimes
249 1511 346 1572 hillidii
366 1511 534 1587 Aquitaniae
547 1511 622 1572 filies
640 1513 828 1572 veliementer
847 1511 998 1586 affligeret,
1102 1520 1142 1570 Tu
1162 1519 1195 1570 'ad
1209 1519 1708 1595 hberandt'tm'suscepturushomiuem,

136 1614 173 1660 m
189 1598 333 1675 punmn
350 1599 511 1660 iiaiihmm
533 1600 700 1677 pannem
719 1599 888 1675 perrenni
906 1606 1000 1661 arca-
1104 1582 1163 1637 ΝΜ
1176 1585 1298 1634 nanim
1309 1582 1427 1647 lvere
1439 1592 1551 1644 estvm,

138 1694 194 1759 ret,
207 1689 360 1748 exhaustis
369 1692 430 1763 pm
445 1688 477 1750 in
491 1704 654 1765 pauperum
669 1704 741 1749 usus
752 1688 875 1758 erariis,
889 1695 918 1747 et
932 1689 1000 1749 bor·
1040 1679 1239 1740 interminus
1259 1686 1470 1755 prosoetuemtt
1487 1680 1587 1754 sicque
1602 1695 1654 1754 per
1672 1694 1777 1755 corpus
1796 1687 1895 1741 osteu-

139 1776 198 1839 rcis
222 1793 470 1855 quorumcunque
496 1785 691 1854 proventuum
720 1793 781 1838 nou
817 1769 1131 1861 mediocriterBderet,
1153 1769 1261 1845 quibus
1283 1768 1421 1830 desiderii
1444 1769 1569 1833 caelestia
1596 1768 1628 1829 in
1658 1776 1757 1830 mente
1781 1769 1894 1833 ictibus

139 1864 311 1940 profligatis,
324 1881 395 1925 mox
415 1866 504 1926 etiam
519 1865 647 1940 plurima
660 1866 779 1926 sacrarii
798 1882 868 1926 vasa
886 1868 1001 1927 conire-
1041 1865 1186 1919 estuaret.

140 1952 195 2028 git,
221 1954 349 2029 iusignia
370 1954 499 2015 ecclesie
518 1962 689 2015 ornamenta
713 1955 860 2027 distraxit,
887 1970 1002 2015 coronae
1081 1947 1133 2008 Vir
1146 1948 1238 2022 igitar
1251 1953 1367 2007 sauctus
1384 1962 1453 2008 cum
1467 1948 1497 2008 in
1515 1948 1741 2010 honismoribus
1757 1962 1808 2024 per
1822 1962 1898 2025 quo·

140 2055 270 2117 qaoque,
285 2057 375 2117 quam
398 2043 455 2104 sibi
476 2044 634 2119 imperator
651 2042 725 2114 (iii)
745 2042 889 2104 Henricus
902 2043 940 2103 oh
955 2042 1003 2103 sui
1043 2036 1153 2097 tidiana
1168 2036 1224 2111 piae
1245 2036 1474 2097 moversatioaia
1493 2036 1673 2098 incrementa
1695 2044 1896 2109 succresceret,

143 2133 316 2193 memoritur
348 2134 550 2205 destinaverat,
588 2149 645 2193 non
677 2132 811 2209 pepercit.
846 2132 883 2191 Ut
913 2132 1004 2206 igitur
1044 2140 1165 2200 seseque
1182 2123 1313 2200 quotidie
1330 2123 1433 2185 melior
1448 2126 1484 2184 ad
1509 2126 1692 2201 perlectiouis
1709 2127 1826 2186 culmen
1841 2128 1900 2186 ier·

142 2231 203 2286 tan
224 2225 337 2285 acerbae
358 2225 429 2285 fanti
443 2225 522 2299 (128),
538 2224 567 2283 io
583 2223 692 2301 quihus
707 2224 812 2296 valuit,
833 2230 1004 2299 temperaret
1046 2213 1331 2286 ventiusanheiarei,
1346 2215 1432 2290 coepit
1447 2215 1760 2277 nonnulliscoruscare
1774 2217 1899 2277 miracu-

143 2313 283 2389 iuopiam,
322 2313 467 2389 quidquid
510 2314 580 2372 hinc
623 2312 693 2373 iude
722 2312 872 2373 corradere
912 2312 1005 2386 potuit
1046 2304 1102 2377 lis,
1117 2302 1214 2377 utqui
1230 2302 1327 2363 clarus
1341 2310 1401 2363 erat
1415 2302 1601 2379 inprobitate
1616 2317 1746 2375 morum,
1761 2305 1897 2365 claresce·

143 2405 327 2476 facultatum,
344 2406 376 2464 in
390 2404 615 2465 sustentationes
629 2410 657 2462 et
670 2402 809 2463 alimenta
829 2398 1004 2483 contradidit
1045 2400 1089 2455 ret
1102 2395 1189 2454 eiiam
1202 2394 1235 2453 in
1243 2394 1407 2454 ostensione
1420 2395 1589 2470 signorum3
1605 2395 1694 2470 etqui
1707 2394 1739 2453 in
1751 2394 1902 2453 obtutibus

144 2508 315 2567 egenorum.
1046 2483 1253 2557 omnipotentis
1278 2482 1329 2542 ilei
1350 2489 1411 2543 erat
1434 2483 1552 2543 lucerna
1571 2484 1686 2556 ardens,
1708 2483 1790 2543 tieret
1814 2482 1900 2541 eham

181 2582 313 2653 Quodam
329 2597 398 2641 saue
412 2582 471 2653 die,
485 2581 558 2641 dum
573 2596 625 2656 per
637 2580 789 2656 publicum
805 2581 871 2656 pius
888 2579 1004 2655 equita·
1046 2588 1143 2635 coram
1157 2572 1329 2633 bominibus
1343 2573 1443 2633 lucens
1456 2576 1542 2644 liban.
1561 2576 1600 2646 v).
1617 2572 1701 2634 Unde
1720 2571 1821 2632 divino
1839 2570 1902 2629 dis-

145 2678 192 2732 tor
217 2672 335 2744 incedit,
361 2673 435 2732 duos
450 2672 483 2731 in
501 2672 603 2732 itinere
618 2688 723 2748 pueros
745 2674 824 2733 ieme
842 2675 1005 2746 peremptos
1046 2669 1172 2739 ponetne
1184 2661 1295 2737 judicio
1307 2662 1414 2721 iactum
1429 2669 1482 2734 est,
1498 2667 1530 2721 ut
1544 2662 1612 2736 quia
1627 2660 1663 2721 de
1674 2660 1735 2721 iilis
1749 2666 1820 2731 erat,
1834 2659 1902 2736 qui·

146 2761 265 2838 reperit.
289 2760 357 2820 Mox
380 2777 457 2836 equo
479 2762 626 2833 desiliens,
651 2762 776 2832 laneam,
803 2777 862 2836 qua
886 2758 1007 2818 indutus
1048 2754 1105 2814 bus
1122 2750 1232 2811 dictum
1253 2757 1313 2810 est:
1329 2754 1382 2809 Vos
1396 2754 1460 2807 estis
1481 2750 1531 2807 lna
1549 2751 1647 2807 mnndi
1659 2752 1769 2822 (Metti.
1784 2750 1823 2824 v),
1842 2749 1904 2824 pri·

146 2850 392 2923 erat,adcarncm
407 2850 903 2925 suhduxitsibiinterulam,eaque
922 2855 1006 2924 prout
1049 2855 1132 2901 mum
1165 2839 1203 2899 de
1235 2836 1300 2899 lnce
1326 2837 1500 2898 miraculum
1536 2839 1699 2898 exhiberet.
1736 2835 1904 2914 Aliquando

149 2938 306 2999 velaminis
322 2938 469 3014 quantitas
492 2939 683 3014 permittebat,
705 2946 862 3014 utrumque
884 2938 1007 2997 cadaver
1049 2924 1279 3003 thiidcffldtim
1292 2932 1366 2987 esset
1381 2925 1412 2985 iu
1433 2924 1559 2999 quadani
1580 2927 1626 2986 sui
1643 2926 1720 3002 juris
1734 2924 1815 2997 vilia,
1837 2939 1904 2999 quaa

148 3027 318 3097 obvolvens,
347 3025 466 3086 exhibet
498 3028 620 3087 mortuis
646 3027 838 3102 sepulturam.
870 3026 942 3085 Nam
979 3031 1008 3085 et
1050 3017 1256 3078 Betsoniacum
1273 3015 1390 3088 dicitur,
1413 3014 1490 3075 videi
1506 3031 1641 3091 puerum,
1657 3022 1815 3075 venustum
1837 3013 1904 3091 qui·

150 3117 326 3191 vespillones
350 3115 482 3176 mercede
501 3117 653 3187 sociarit,
671 3124 699 3176 ei
724 3116 837 3176 iuneris
854 3131 948 3191 usqne
972 3115 1008 3174 ad
1019 3107 1233 3223 cdemiorma,
1248 3105 1299 3166 sed
1316 3120 1425 3164 weitin
1437 3120 1455 3163 a
1467 3103 1626 3164 nativitate·
1647 3102 1814 3181 Superque
1836 3121 1906 3165 ton·

148 3206 302 3267 tumulum
329 3212 496 3280 persecutns
519 3205 678 3279 exsequiis,
693 3205 848 3266 defunctis
871 3204 1009 3265 iratribus
1050 3199 1159 3270 sulcus,
1174 3194 1276 3260 didicit
1291 3198 1360 3272 quia
1373 3196 1454 3256 iliius
1474 3203 1549 3256 esset
1562 3194 1664 3268 villici,
1679 3203 1707 3255 et
1720 3197 1790 3273 quia
1805 3197 1902 3257 nsum

148 3294 282 3356 debitum
296 3295 436 3355 humanm
449 3293 563 3369 pietatis
578 3295 715 3354 exsolvit.
1050 3287 1168 3365 penitus
1188 3299 1341 3358 uunquam
1364 3283 1522 3344 habuisset.
1547 3284 1601 3345 Gui
1622 3299 1691 3344 mox
1706 3283 1754 3360 pia
1769 3284 1906 3359 benigni·

186 3383 220 3444 ln
235 3384 337 3444 eadem
351 3398 469 3459 quoque
483 3388 631 3456 gestorum
644 3380 708 3457 ejus
720 3381 864 3458 reperitur
877 3381 1009 3457 historia,
1052 3384 1109 3436 tata
1125 3370 1313 3449 compatiens,
1328 3380 1357 3431 et
1368 3372 1443 3447 apud
1467 3388 1498 3432 se
1518 3372 1610 3432 tacitis
1632 3373 1767 3447 precibus
1783 3373 1906 3434 latenter

148 3474 220 3550 quia
232 3488 337 3547 mrpas
348 3486 447 3543 suum,
467 3486 525 3531 non
540 3470 626 3531 modo
637 3470 720 3530 duris
734 3479 924 3532 consueverat
936 3478 1011 3533 atte-
1052 3465 1200 3536 insistens,
1217 3470 1249 3523 ui
1260 3471 1329 3539 puta
1342 3461 1411 3537 quia
1424 3460 1492 3520 talia
1507 3462 1638 3522 nondum
1651 3469 1799 3536 expertus,
1815 3462 1907 3525 advo·

150 3575 243 3621 auare
258 3560 391 3636 jejuniis,
407 3558 575 3635 asperrimis
589 3558 725 3619 edomare
737 3557 852 3630 ciliciis,
874 3559 924 3620 sed
942 3560 1011 3637 qui·
1052 3561 1098 3615 cat
1110 3553 1227 3614 tandem
1239 3551 1404 3628 parvulum,
1420 3549 1537 3626 signum
1548 3549 1593 3610 iiii
1605 3550 1906 3612 salutiieraecrucisin

150 3647 276 3711 busdam
299 3649 403 3709 laricis
426 3648 554 3709 nexibus
577 3646 747 3707 coarctabat.
764 3646 798 3707 ln
818 3648 1012 3725 percipiendis
1053 3645 1148 3706 irome
1172 3642 1313 3719 depingit,
1335 3648 1363 3702 et
1384 3640 1537 3702 confestim
1558 3641 1667 3716 nsum,
1691 3657 1780 3718 quem
1801 3649 1904 3704 natura

150 3745 250 3799 antem
263 3740 302 3798 ita
317 3755 347 3797 se
358 3738 560 3799 moderabatur
571 3738 689 3809 eduliis,
699 3745 732 3797 ut
746 3739 876 3813 apposita
886 3754 1013 3814 qumque
1054 3742 1220 3811 negaverat,
1232 3749 1306 3809 puer
1319 3733 1439 3808 accepit.

152 3829 337 3903 contingens,
348 3843 382 3887 ac
392 3828 517 3888 naturali
529 3828 672 3887 duntaxat
685 3826 849 3887 necessitati
861 3827 1011 3903 dispensa·
1090 3825 1157 3886 Alio
1170 3838 1286 3900 quoque
1301 3829 1428 3899 ternpore
1442 3822 1513 3884 dum
1526 3830 1600 3884 esset
1611 3823 1657 3885 vir
1669 3823 1721 3885 iiei
1733 3824 1810 3900 apud
1820 3839 1909 3887 suum

155 3916 216 3978 tite
229 3916 427 3987 subserviens,
452 3923 482 3975 ei
496 3916 654 3976 vanitatem
667 3916 882 3990 superstitionis
898 3916 1011 3991 elinga-
1054 3915 1202 3994 quoddam
1229 3912 1441 3972 monasterium
1469 3912 1551 3984 iiiiii,
1587 3913 1665 3989 quod
1696 3912 1788 3974 Vallis
1816 3916 1914 3975 Aurea

156 4014 210 4079 ret,
224 4013 253 4068 et
266 4005 429 4068 sobrietatis
441 4005 619 4067 continentia
631 4012 801 4065 reservaret.
821 4005 856 4065 ln
879 4004 1033 4081 promul-1
1056 4014 1185 4078 vocatur,
1212 4009 1315 4080 quarta
1340 4004 1474 4064 videlicet
1494 4004 1565 4064 teria
1593 4005 1695 4082 primae
1727 4004 1914 4083 quadragesi·

663 4112 829 4175 ANDREAE
849 4113 1002 4195 diissiiii
1022 4115 1072 4175 tiu
1091 4111 1264 4175 uubhiiii
1283 4110 1406 4173 libum.

189 4205 257 4272 (itii
280 4204 367 4270 Boius
392 4203 501 4259 hennei
534 4202 723 4258 liberalitatem
751 4207 779 4257 in
809 4203 1010 4267 cluniacenses,
1062 4218 1125 4259 cum
1146 4204 1182 4256 cis
1198 4202 1353 4257 amicitiam
1377 4202 1527 4271 pasiphae.
1551 4202 1657 4257 flendci
1680 4205 1762 4269 ilina,
1782 4205 1916 4263 ilenricus

158 4278 212 4335 etsi
235 4290 291 4331 noa
312 4288 446 4341 expresso
465 4287 574 4329 corona
598 4276 716 4337 nomine,
748 4276 919 4329 commendat
941 4289 1012 4344 qao-
1063 4281 1162 4329 tertius
1184 4276 1283 4334 dictus,
1308 4275 1453 4328 ilenricum
1470 4280 1597 4342 quartum
1618 4277 1722 4341 genuit,
1744 4278 1791 4344 qai
1817 4281 1843 4331 ei
1858 4279 1916 4343 ipse

158 4360 212 4413 que
240 4347 440 4401 lemovicensis
472 4345 621 4400 monachus
653 4347 684 4399 in
716 4347 830 4401 historia
863 4349 1012 4411 aquitano·
1064 4348 1182 4408 tandem,
1216 4346 1301 4399 veluti
1331 4346 1441 4411 quidam
1464 4346 1565 4400 dicunt·
1590 4347 1662 4412 apud
1693 4347 1834 4401 iiartinnm
1864 4349 1915 4402 Pc-

159 4430 221 4472 rnrn
250 4414 292 4469 hs
321 4414 412 4471 verbis
434 4438 440 4467 ι
459 4416 591 4471 hemena
627 4415 779 4480 insperatos
811 4417 900 4471 maha
941 4419 1014 4471 donc
1064 4419 1158 4473 ionum
1186 4417 1234 4473 litt·
1259 4430 1290 4471 tv
1315 4417 1452 4478 chronici,
1480 4417 1597 4482 impar-ic
1633 4416 1744 4471 michan
1768 4418 1917 4472 monachata

158 4486 405 4543 namurcencis
420 4487 599 4540 Cinntcccmi.
615 4486 674 4540 init
692 4494 783 4540 autem
800 4489 825 4540 is
840 4488 974 4543 Esuriens
992 4488 1014 4541 ii
1067 4487 1253 4542 cluniacensis
1276 4495 1311 4540 est
1334 4488 1452 4553 effectur.
1475 4487 1587 4541 coroner
1612 4500 1695 4553 porro
1724 4500 1806 4555 qaam
1837 4501 1919 4543 avum

159 4561 278 4620 nominc,
304 4559 377 4611 illitis
398 4560 519 4619 conradi,
548 4558 595 4611 rel
623 4560 776 4612 secundum
803 4558 872 4611 alios
897 4572 984 4625 gener
1006 4528 1130 4625 :Delus
1166 4557 1269 4611 odiloni
1304 4557 1457 4611 destinasse
1490 4556 1585 4611 scribit
1613 4559 1766 4625 iiamianus,
1797 4560 1919 4615 meminit

159 4631 207 4697 qni
245 4634 272 4684 et
307 4629 420 4685 (idilone
460 4630 597 4690 deiunctb.
630 4631 702 4683 sicut
726 4629 811 4683 reiert
844 4629 1017 4685 Hildebertus
1068 4631 1135 4682 ihm
1160 4640 1316 4694 anonymus
1335 4627 1472 4680 silviniaci
1496 4629 1645 4681 monachus
1669 4629 1698 4679 in
1715 4628 1772 4682 iiiia
1797 4628 1920 4694 eiusdem

160 4701 308 4766 episcopus
330 4700 552 4765 cenomanensis,
576 4701 602 4752 s.
627 4700 750 4766 lingonis
770 4702 832 4765 eius
856 4702 885 4755 in
912 4702 1019 4757 abbatia
1069 4699 1257 4759 odiloniaahi
1273 4701 1319 4761 ait,
1331 4698 1445 4766 quadiu
1460 4712 1523 4752 usur
1538 4712 1692 4764 pauperiem
1711 4696 1846 4765 confregit
1858 4700 1919 4766 pin·

160 4772 347 4825 cluniacensis
368 4771 540 4824 successoris
565 4771 665 4833 [amem
689 4772 789 4827 cidere.
812 4775 838 4826 er
866 4770 1017 4837 familiari·
1069 4771 1144 4825 rima
1163 4784 1230 4827 caru
1249 4770 1370 4834 mesia,
1383 4773 1411 4827 ci
1425 4775 1590 4825 ornamenta
1611 4772 1743 4838 iriciptta'c,
1765 4771 1839 4827 mter
1861 4785 1921 4839 qua

166 4840 250 4896 wien
267 4841 384 4906 adipisci
397 4842 565 4902 denarrans,
585 4845 615 4894 at
632 4841 725 4895 uenire
738 4842 903 4907 donaretur
925 4846 963 4896 cd
980 4857 1018 4906 re,
1070 4843 1155 4896 etism
1202 4842 1373 4907 impericiam
1416 4841 1528 4896 Bennoi
1564 4843 1740 4907 imperatoris
1781 4855 1922 4896 mamm.

164 4912 281 4980 supplica·
294 4926 357 4966 socc
372 4913 529 4979 postulauit.
551 4913 737 4967 Pcatnicntear
752 4914 815 4979 pias
836 4914 916 4969 raur
932 4929 1020 4973 esan·
1072 4913 1214 4969 hncaasn
1784 4956 1790 4969 .

166 4983 240 5050 ditm
267 4984 383 5039 intravit
412 4983 578 5044 Scaenicm,
611 4996 717 5037 mmmc
743 4984 852 5049 pantes
875 4987 1021 5040 ethonore
1103 4984 1171 5051 (itti)
1201 4988 1288 5038 ixstat
1310 4984 1339 5038 in
1367 4986 1440 5038 tomo
1468 4983 1491 5038 ii
1522 4984 1660 5051 spicilegii
1690 4983 1813 5039 dacherii
1849 4984 1923 5053 beati

167 5058 303 5121 mantua
325 5058 364 5110 cst
387 5059 412 5108 et
437 5053 547 5120 poncia
581 5056 680 5107 Paucis
706 5054 745 5108 ibi
776 5056 868 5109 diebus
892 5061 1020 5123 paroch,
1072 5056 1194 5110 odilonis
1221 5053 1337 5121 epistola
1363 5054 1397 5107 ad
1425 5055 1545 5109 midam
1579 5068 1672 5120 regem
1704 5056 1836 5118 harma,
1869 5069 1924 5125 qua

167 5138 200 5187 aa
222 5125 353 5193 petitione
372 5126 443 5191 rapis
461 5125 551 5190 tilium
575 5127 635 5187 ajat
655 5138 733 5180 sacro
758 5127 792 5178 de
814 5126 891 5190 scats
911 5129 1021 5192 mavit,
1074 5127 1199 5193 eiusdem
1246 5138 1327 5194 opem
1366 5124 1493 5194 implorat
1534 5131 1656 5193 ternpore
1701 5127 1790 5180 lamis.
1835 5126 1924 5189 ocare

167 5209 250 5262 macro
274 5210 373 5250 acmen
390 5198 481 5260 patria
504 5197 656 5261 importem.
678 5195 829 5251 damari
854 5204 947 5253 antem
970 5201 1024 5253 Pa·
1077 5198 1245 5253 linbiiiouius
1285 5210 1318 5251 ea
1359 5200 1503 5253 occasione
1544 5198 1631 5263 ipsam
1667 5200 1793 5269 scriptam
1826 5199 1921 5254 aredio

167 5266 231 5321 acte
258 5281 321 5321 com
343 5269 512 5333 imperatore
539 5269 571 5320 ira
593 5268 746 5334 Agrippina
763 5268 892 5329 colonia
911 5268 1021 5323 iwrio·
1076 5273 1199 5325 incana.

167 5338 238 5395 rami
271 5338 437 5393 atramitica
463 5338 634 5405 injeceratis·
663 5338 750 5391 erlbac
787 5343 866 5392 atate
893 5342 1024 5393 condiens
1110 5341 1179 5402 iiiiii
1211 5338 1249 5393 he
1273 5352 1326 5406 quc
1350 5340 1456 5404 etipse
1482 5339 1624 5393 ilamianus
1654 5340 1924 5407 posteaeliratarra,

169 5422 288 5471 moram,
322 5409 537 5469 conuentionis
563 5410 812 5468 mansuetudinem,
843 5412 934 5464 uotiua
959 5425 1022 5476 pra-
1076 5415 1171 5476 inquit,
1191 5424 1254 5465 arm
1269 5411 1315 5463 air
1335 5410 1495 5465 cacurbitis
1511 5409 1586 5475 apoc
1610 5414 1759 5477 quamdam
1785 5415 1921 5469 mam

170 5480 251 5542 iiam,
276 5480 421 5535 corborum
442 5481 593 5536 arctatam
620 5481 719 5548 chbur
743 5481 864 5547 profecto
888 5484 1024 5537 virtutum
1075 5481 1244 5542 monasterii,
1261 5480 1334 5549 quod
1355 5480 1458 5538 didici·
1477 5482 1556 5536 vaus
1580 5482 1785 5548 corruebam
1804 5488 1923 5550 amara.

169 5550 291 5618 iniciis,
310 5553 353 5608 ita
377 5566 441 5609 nim
463 5566 501 5614 aa.
524 5556 553 5608 aa
578 5564 641 5609 mvn
664 5552 834 5607 moni
859 5555 1025 5609 monciaco
1076 5555 1218 5609 bncaasn.

171 5623 244 5688 rapis
264 5627 303 5676 ert
321 5623 419 5676 caim
440 5624 577 5689 mitigata,
602 5636 637 5677 cc
663 5624 689 5677 ri
711 5635 762 5676 rec
781 5624 839 5689 ipsc
864 5627 1024 5690 perpaucae
