4100 6209
143 173 195 233 915
358 170 361 181 ¹
458 173 487 233 S.
509 170 621 231 PETRI
641 166 803 229 Ddllthi
822 167 901 227 OPP.
922 166 1019 229 Pras
1039 166 1109 231 SEU
1128 172 1253 235 remus
1271 175 1310 234 lI.
1328 208 1363 220 -
1384 174 1590 237 Sililhdillills.
1842 178 1900 239 sta

79 372 81 376 Α
141 301 328 371 contaminat,
346 300 369 358 si
390 308 480 358 rotam
507 307 613 356 nostrae
638 294 797 354 nativitatis
819 294 1105 365 inflammat‚hsive
1132 297 1219 359 etiarn
1243 300 1443 361 aedificationis
1466 298 1554 360 verba
1580 299 1760 374 proferendo,
1783 300 1900 362 studeat

143 390 172 449 id
192 394 236 449 est
254 388 279 447 si
294 402 380 447 omne
395 387 532 447 meritum
547 382 692 443 instabilis
707 382 794 458 hujus
813 382 881 442 vitre
895 388 1001 441 nostrae
1041 400 1103 445 eam
1125 387 1281 450 salubriter
1303 407 1449 461 exercere,
1470 406 1505 449 no
1522 389 1571 450 cui
1589 405 1670 449 nunc
1691 389 1773 448 ardet
1795 389 1900 461 linqua

142 493 205 539 suas
233 477 428 537 damnationis
455 474 589 533 incendio
615 473 753 545 devorat,
783 472 840 531 nisi
870 472 1000 547 linguam
1041 475 1071 534 in
1100 475 1237 551 loquendi
1260 478 1503 554 concupiscentia,
1523 477 1717 537 damnationis
1734 494 1799 539 suaa
1821 485 1900 553 post-

142 582 227 626 suam
258 565 326 640 quis
346 565 466 622 discreta
488 561 684 620 moderatione
710 560 860 633 custodiat,
881 562 948 635 quis
965 561 1001 618 de
1045 564 1165 625 modum
1193 568 1381 628 comburatur
1400 571 1432 627 in
1454 583 1551 643 poena.
1574 567 1676 642 Neque
1699 567 1778 627 enim
1803 570 1900 641 neph-

144 657 316 726 sobrietate,
342 657 408 727 quis
433 655 469 712 de
497 653 623 711 castitate
649 667 841 731 peresumerc,
870 650 937 725 quis
965 652 1000 709 de
1041 663 1144 730 genter
1161 655 1342 717 audiendum
1360 656 1494 733 estquod
1513 656 1596 715 dines
1613 654 1662 714 ilie
1680 655 1795 731 petebat
1812 656 1899 716 refri-

139 746 271 822 jejuniis,
298 744 360 802 sire
389 741 514 816 vigiliis,
542 748 594 800 aut
619 741 718 815 aliqua
747 755 778 798 se
800 739 903 814 poterit
927 739 1001 799 bona
1041 744 1135 818 gerari
1165 745 1297 820 linguam
1321 761 1415 817 suom,
1434 747 1504 822 quia
1522 742 1707 804 cruciabatur
1724 745 1757 803 in
1778 745 1899 805 hamma

141 834 306 909 operatione
317 833 445 908 jactare?
1042 838 1119 903 (Luc.
1148 840 1223 905 xvi).
1248 835 1323 906 Quia
1351 837 1439 907 enim,
1464 836 1550 910 juxta
1570 834 1756 909 apostolicam
1778 842 1898 896 sentem

179 926 326 984 Ponamos
352 940 444 998 ergo,
473 924 575 981 iratres
607 920 793 989 charissimi,
820 920 934 978 henum
957 919 1000 979 ori
1042 924 1121 993 tiam,
1143 924 1274 983 humana
1291 924 1393 999 lingua
1411 940 1428 983 a
1447 924 1592 999 gebenna,
1612 924 1666 983 boc
1681 930 1724 983 est
1745 940 1762 982 a
1784 924 1896 996 gehen·

145 1023 257 1086 uostr0;
289 1030 348 1073 110ss
379 1031 416 1072 tx
438 1030 472 1072 eo
495 1012 582 1071 triba
601 1011 733 1070 §curtilia
758 1010 917 1084 emiliani,
941 1024 999 1068 1¹0ss
1043 1013 1161 1074 nalibus
1184 1012 1297 1085 incolis,
1327 1028 1406 1073 nunc
1424 1013 1530 1073 dicitur
1554 1012 1729 1072 inflammari
1752 1018 1896 1085 (lacmi5

145 1110 235 1169 iluxae
249 1107 357 1167 laetitim
373 1107 500 1165 lomento
519 1110 722 1177 pror·umpant;
746 1117 804 1160 non
825 1101 926 1175 lingua
948 1115 1000 1158 no·
1043 1119 1101 1163 non
1118 1102 1263 1162 immerito
1275 1103 1458 1178 postmodum
1471 1104 1598 1162 flammis
1613 1102 1767 1163 ultricibus
1781 1103 1895 1171 tradita,

146 1206 205 1258 stra
228 1197 324 1257 iratris
342 1196 452 1255 infirmi
477 1196 567 1253 uitam
589 1193 757 1252 detractorie
781 1191 924 1262 mordeat,
942 1205 999 1249 noo
1042 1209 1108 1254 cum
1126 1193 1235 1253 eisdem
1255 1193 1344 1253 simul
1358 1201 1484 1254 meretur
1502 1193 1597 1254 aduri.
1620 1194 1772 1257 Undenon
1795 1196 1902 1257 incoo-

145 1286 219 1346 bone
232 1284 374 1344 currentis
399 1299 482 1359 opera
502 1282 557 1343 sub
582 1282 648 1341 rita
667 1282 756 1356 hujus
773 1282 882 1340 incerto
904 1280 1003 1356 praeci·
1044 1300 1116 1360 grue
1143 1285 1179 1343 de
1206 1300 1341 1359 perversa
1360 1285 1462 1361 lingua
1480 1303 1531 1361 per
1551 1287 1651 1347 virum
1674 1288 1833 1362 sapientem
1854 1288 1901 1348 di·

143 1375 270 1450 pitauter
293 1373 435 1441 extollat:
463 1388 521 1430 non
550 1371 695 1446 praeterita
726 1370 822 1441 lacta,
854 1369 900 1428 vel
926 1369 1002 1428 dicta
1044 1374 1120 1434 citur
1148 1397 1155 1431 :
1187 1396 1197 1423 ι
1224 1374 1258 1433 Ιῃ
1290 1375 1415 1447 namma,
1444 1374 1551 1450 inquit,
1578 1390 1632 1435 sua
1663 1391 1720 1435 non
1749 1376 1904 1438 comburor

144 1468 271 1528 inaniter
306 1466 422 1535 recitet3
458 1480 517 1523 non
556 1462 628 1536 quid
662 1468 735 1527 390
767 1476 785 1517 a
814 1460 1002 1520 saecularibus
1043 1463 1147 1537 justos.
1172 1462 1228 1533 Qui
1264 1462 1433 1539 relinquunt
1458 1463 1570 1536 Deum,
1598 1463 1779 1525 incidentia
1806 1465 1903 1537 illam,

147 1563 249 1630 agatur
272 1556 348 1614 inter
376 1556 477 1614 iratres
504 1553 674 1628 pestilenter
697 1559 829 1623 enarret3
855 1566 1005 1610 servemus
1046 1551 1197 1611 exardebit
1210 1553 1239 1610 in
1257 1553 1326 1625 illis,
1341 1560 1369 1613 et
1383 1569 1441 1614 nou
1456 1554 1670 1629 exstinguetur,
1686 1560 1713 1614 et
1727 1555 1906 1615 immittatur

146 1652 175 1705 et
188 1659 240 1703 nos
268 1644 346 1720 quod
364 1642 473 1703 Paulus
493 1642 712 1702 Colossensibus
723 1641 864 1716 proripit,
880 1641 978 1699 dicens
994 1640 1079 1715 :Bin
1094 1641 1172 1713 illos,
1188 1643 1270 1716 quasi
1291 1643 1335 1702 leo
1353 1650 1382 1702 et
1397 1642 1480 1720 quasi
1495 1641 1603 1717 pardus
1616 1640 1701 1703 laedet
1718 1642 1786 1705 illos
1802 1647 1905 1713 (Redi.

148 1755 163 1788 a
181 1732 283 1794 Sermo
297 1741 391 1792 vester
406 1748 519 1807 semper
535 1733 566 1791 in
580 1731 672 1805 gratia
688 1730 748 1789 sale
761 1730 798 1789 sit
811 1728 955 1799 conditus,
970 1735 1004 1788 ut
1045 1735 1164 1802 xxviii).
1179 1755 1192 1781 »
1208 1731 1285 1790 illud
1296 1731 1384 1791 etiam
1397 1737 1467 1796 391
1484 1737 1602 1806 quanta
1621 1731 1779 1804 formidini,
1792 1739 1908 1807 quanto

147 1822 244 1881 sciatis
277 1821 422 1895 quomodo
454 1825 581 1894 oporteat
613 1834 665 1879 ros
691 1818 852 1890 unicuique
885 1833 1001 1890 respon·
1045 1822 1131 1881 nobis
1156 1820 1240 1880 debet
1259 1836 1322 1881 esse
1339 1821 1441 1881 terrori
1461 1824 1538 1896 quod
1556 1823 1670 1883 Veritas
1686 1825 1727 1885 ait
1750 1848 1757 1883 ι
1782 1823 1909 1886 «Omne

146 1910 215 1968 dere
235 1910 302 1980 (Cot.
324 1915 378 1979 tv).
402 1932 412 1960 ι
440 1907 483 1969 Sit
508 1908 598 1983 igitur
622 1907 723 1982 lingua
746 1913 843 1967 nostra
865 1906 1002 1979 modesta,
1047 1908 1167 1970 verbum
1184 1910 1321 1980 otiosum,
1339 1911 1417 1984 quod
1441 1910 1528 1971 locuti
1547 1911 1654 1971 fuerint
1673 1911 1818 1985 homines,
1837 1911 1907 1973 red·

147 1997 254 2070 sobria,
274 1995 406 2070 discreta,
428 1998 550 2072 pudica3
568 1996 605 2055 sit
625 1996 684 2055 oris
702 1995 794 2054 nostri
813 1995 904 2055 salira
921 1994 1004 2070 virgo
1046 2000 1115 2059 dent
1128 2000 1164 2058 de
1178 2014 1212 2058 co
1224 1998 1365 2058 rationem
1378 2000 1410 2057 in
1426 1998 1473 2059 die
1483 1999 1586 2073 judicii
1602 2002 1711 2072 (aaut.
1727 2003 1792 2072 nn).
1807 2023 1822 2052 ι

149 2084 197 2146 die
223 2093 385 2156 crescente,
414 2093 442 2145 et
461 2085 519 2145 nisi
543 2084 675 2144 utilitatis
695 2084 805 2144 occasio
828 2083 1003 2159 praebeatur,
1083 2088 1192 2147 Audiat
1223 2087 1327 2161 lingua
1357 2087 1526 2160 vaniloqua,
1549 2087 1648 2147 audiat
1673 2088 1776 2163 lingua
1800 2088 1906 2161 otiosa,

147 2192 243 2253 osque
264 2176 296 2235 in
317 2176 487 2246 crastinum,
515 2175 577 2236 sive
597 2174 733 2249 perendie
754 2174 920 2249 incorrupta
943 2189 1004 2232 ser·
1047 2178 1146 2238 audiar
1172 2177 1272 2252 lingua
1293 2177 1432 2237 scabiosa.
1460 2175 1607 2249 Scabiosa,
1633 2179 1766 2255 inquam,
1786 2178 1909 2254 lingua,

148 2274 242 2328 retur.
1048 2282 1114 2343 quae
1138 2265 1219 2325 velut
1244 2264 1367 2325 scabiem
1388 2266 1545 2340 quamdam
1562 2273 1649 2342 atque
1666 2269 1812 2342 pruritum
1831 2269 1910 2345 pati-

185 2358 320 2429 Portatis,
349 2357 544 2427 madesmei,
570 2357 732 2427 vobiscum,
756 2356 875 2431 portatis
894 2355 1004 2414 elavem
1049 2364 1107 2427 tur,
1141 2356 1199 2415 nisi
1226 2371 1341 2430 semper
1368 2362 1453 2416 acuto
1477 2356 1690 2431 quodammodo
1716 2373 1911 2433 supervacuae

151 2446 272 2514 cellulae,
290 2452 398 2520 portate
417 2452 444 2505 et
458 2446 568 2506 clarem
591 2445 720 2519 lingum3
740 2444 885 2519 opponitis
905 2459 1006 2518 possu·
1049 2444 1201 2507 locutionis
1220 2460 1321 2518 ungue
1341 2445 1495 2519 scalpatur.
1516 2446 1624 2505 Audiat
1645 2452 1675 2505 et
1694 2454 1840 2522 pauescat,
1858 2447 1913 2508 io·

150 2536 213 2596 lum
233 2536 316 2606 ostio,
337 2536 471 2595 adhibete
487 2535 646 2595 retinacula
668 2533 821 2594 salubriter
836 2534 880 2593 ori
900 2540 1005 2591 vestro.
1049 2535 1159 2609 telligat
1184 2541 1212 2593 et
1237 2540 1296 2593 tam
1317 2535 1475 2594 terribilem
1501 2536 1672 2594 sententiam
1697 2537 1910 2611 perhorrescat

149 2626 263 2698 Auceps
278 2639 335 2682 non
349 2623 460 2682 emittet
474 2624 654 2698 accipitrem,
669 2623 725 2682 nisi
738 2637 871 2681 anserem
889 2620 1006 2689 videat,
1049 2622 1159 2682 Audiat
1178 2630 1313 2682 terrorem
1325 2622 1427 2696 judicii
1445 2623 1483 2682 de
1504 2638 1554 2683 ore
1566 2625 1661 2698 ipsius
1671 2624 1843 2698 judicaturi.
1861 2628 1913 2685 An

152 2718 181 2773 ct
205 2712 366 2771 monachus
393 2711 513 2770 dimittit
542 2712 671 2785 linguam
699 2727 792 2781 suam,
820 2709 845 2768 si
870 2707 1009 2783 loquendi
1050 2726 1108 2769 non
1135 2710 1221 2769 habet
1240 2726 1327 2771 aures
1346 2716 1377 2769 ut
1396 2711 1486 2785 possit
1509 2712 1621 2785 audire,
1642 2728 1709 2787 quas
1731 2720 1760 2773 et
1783 2729 1913 2774 manum

152 2801 309 2859 necessitas
322 2815 381 2858 non
400 2799 535 2859 assistat?
549 2800 728 2873 Dedignatur
747 2806 865 2858 venator
879 2796 1008 2857 catulum
1051 2798 1136 2857 habet
1154 2806 1186 2858 ut
1209 2798 1298 2873 possit
1321 2797 1475 2860 occidere?
1503 2800 1608 2860 ·Mors
1628 2800 1708 2860 enim
1734 2805 1762 2860 et
1787 2801 1850 2859 rita
1878 2800 1915 2860 in

156 2888 279 2960 solvere,
293 2887 351 2948 nisi
371 2887 455 2963 lepus
471 2895 622 2963 appareat;
639 2889 773 2948 viliorem
791 2888 895 2946 haheat
908 2901 1010 2945 mona·
1051 2903 1141 2949 manu
1152 2888 1263 2963 linguae
1278 2893 1369 2959 (Proo
1381 2894 1503 2959 murth.»
1520 2890 1628 2950 Audiat
1639 2905 1706 2965 ergo
1718 2889 1797 2965 quod
1809 2905 1850 2949 ex
1861 2904 1916 2949 ore

156 2981 229 3038 chus
251 2978 382 3052 linguam
404 2992 603 3054 enumquam
625 2976 659 3035 ad
679 2976 793 3037 nullius
815 2976 1008 3047 salutem,vel
1055 2976 1188 3037 Veritatis
1221 2978 1344 3050 dicitur;
1378 2986 1406 3038 et
1431 2978 1532 3039 subtili
1558 2978 1744 3039 meditatione
1774 2978 1918 3039 discutiat

157 3069 341 3129 commodum
371 3066 513 3126 inutiliter
535 3065 756 3127 solvatlSudat
774 3064 848 3140 lapis
865 3065 896 3124 in
920 3081 1010 3126 manu
1054 3070 1129 3146 quod
1159 3070 1288 3130 minatur
1316 3089 1322 3128 t
1354 3071 1499 3140 «Omne,
1529 3069 1649 3145 inquit,
1681 3069 1803 3129 verbum
1837 3070 1917 3130 otio-

157 3156 389 3233 oppugnantium
410 3157 529 3226 moenia,
545 3162 573 3214 et
587 3157 732 3215 incassum
748 3155 825 3214 nolet
841 3155 962 3215 verbum
976 3156 1012 3215 de
1054 3173 1132 3225 sum,
1145 3157 1223 3232 quod
1238 3158 1325 3218 locuti
1342 3160 1452 3218 luerint
1465 3158 1614 3229 homines,
1630 3157 1751 3218 reddent
1766 3157 1918 3219 radonem

157 3262 207 3307 ore
219 3247 322 3307 stantis
336 3248 366 3306 in
383 3255 489 3307 sancta
514 3246 626 3307 militia
647 3245 823 3320 disciplina?
841 3249 935 3305 Arcus
950 3247 1012 3305 lru-
1055 3246 1091 3307 de
1108 3263 1143 3307 eo
1160 3247 1192 3307 in
1212 3247 1258 3306 die
1268 3247 1373 3323 judieii
1398 3250 1510 3316 (Morti.
1530 3252 1624 3316 atri.»
1648 3247 1795 3308 Pooarnus
1813 3248 1918 3324 itaque

156 3344 214 3398 stra
234 3336 320 3396 lieris
339 3336 479 3396 menibus
498 3352 556 3395 non
582 3334 752 3400 intenditur.
774 3343 802 3395 et
822 3334 961 3394 rationale
982 3351 1014 3394 os
1055 3343 1088 3397 ut
1101 3337 1227 3398 otiosum
1242 3336 1375 3405 verbum,
1395 3336 1419 3395 si
1432 3344 1538 3397 ‘contra
1558 3352 1648 3397 sacrm
1668 3336 1829 3410 scripturae
1844 3352 1918 3397 seu·

159 3426 195 3486 ad
214 3424 390 3485 effundenda
408 3424 515 3500 passim
532 3426 678 3499 superflua
697 3423 865 3485 reseratur?
885 3423 1015 3483 Parcitur
1056 3426 1162 3486 tentias
1186 3427 1228 3485 las
1253 3434 1295 3486 cst
1314 3426 1420 3499 dicere,
1437 3427 1501 3487 lere
1519 3427 1556 3486 sit
1581 3433 1610 3486 et
1627 3428 1769 3500 exiguum
1791 3428 1919 3488 omnino

162 3518 317 3592 phamuae,
340 3521 373 3575 ut
397 3532 434 3575 cx
456 3531 489 3574 ea
511 3516 612 3589 sagitta
638 3515 739 3574 leviter
760 3530 816 3575 non
834 3520 936 3582 exeat;
957 3529 1015 3573 non
1057 3523 1217 3591 peccatum,
1234 3516 1363 3591 sedquid
1378 3516 1461 3577 milio
1476 3515 1803 3593 breuiuslquidpeooa
1817 3516 1919 3578 levius

165 3605 294 3681 parcitur
313 3604 434 3677 lingum,
459 3612 493 3664 ut
517 3603 637 3663 mordax
663 3604 692 3663 in
714 3601 874 3677 quemlibet
893 3602 1017 3662 verbum
1058 3607 1232 3668 invenitur?
1247 3606 1453 3668 Verumtamen
1472 3609 1496 3667 si
1510 3622 1685 3680 pennarum,
1700 3607 1746 3666 rel
1762 3607 1917 3667 miliorum

161 3695 243 3755 uelut
256 3695 346 3755 ictum
359 3694 557 3754 vulnerisnon
573 3693 708 3766 infligat?
1058 3696 1285 3758 innumerabilis
1303 3697 1460 3757 multitudo
1474 3699 1650 3772 congeritur,
1674 3712 1792 3757 neccsse
1811 3702 1857 3756 eet
1883 3704 1919 3757 ut

198 3783 272 3855 Quid
297 3784 334 3843 ad
358 3785 429 3854 haec,
458 3786 569 3853 iratres,
597 3783 744 3844 dicimus?
770 3799 827 3860 qua
854 3798 907 3842 nos
930 3797 1019 3855 argu·
1059 3786 1325 3863 portantiscervix,
1341 3785 1587 3859 velutsubgrari
1604 3785 1698 3861 lapide
1715 3784 1918 3844 immoderan-

166 3877 344 3935 mentatione
358 3873 525 3945 detrudere,
543 3889 600 3949 qua
615 3889 771 3947 possumus
793 3872 946 3953 artificiosa
969 3887 1021 3930 uos
1061 3878 1120 3936 tius
1133 3892 1238 3951 pressa,
1256 3876 1415 3950 frangatur.
1441 3874 1482 3933 ils
1497 3874 1689 3935 humentibus
1703 3888 1821 3951 quoque
1833 3874 1920 3934 mis

117 3992 126 4001 ·
164 3966 349 4026 excusatione
365 3962 506 4040 purgare?
524 3963 661 4039 Nunquid
676 3981 734 4024 non
750 3963 866 4023 faritius
877 3956 1021 4035 astatque
1063 3966 1158 4024 tenuis
1174 3964 1292 4040 quidem
1312 3970 1517 4039 etraragutta
1534 3963 1730 4034 distillat,sed
1749 3962 1776 4022 si
1794 3978 1848 4023 aas
1865 3978 1922 4022 su·

165 4054 351 4131 tranquillius
367 4055 459 4114 tacere
478 4070 568 4129 quarn
591 4052 695 4128 loqui?
715 4052 853 4128 Nunquid
867 4066 925 4111 non
940 4051 1021 4111 labo·
1063 4054 1145 4114 besse
1163 4053 1254 4128 spatio
1272 4052 1402 4127 longiore
1422 4052 1607 4128 permittitur,
1630 4053 1671 4112 ita
1687 4052 1810 4127 plenum
1834 4051 1921 4110 acsi

164 4144 271 4205 riosius
285 4153 327 4203 est
340 4144 474 4216 linguam
486 4159 537 4216 per
549 4149 589 4203 tot
602 4143 726 4217 prolixae
738 4140 919 4217 loquacitatis
934 4140 1023 4201 verba
1063 4145 1209 4221 prollueos
1228 4142 1306 4202 unda
1324 4143 1487 4201 decurreret
1501 4142 1661 4201 invenitur.
1677 4140 1779 4200 Parvae
1797 4137 1921 4214 quidem

165 4233 329 4292 discurrere
343 4246 432 4306 quam
446 4229 476 4289 in
493 4245 545 4290 suo
560 4232 687 4306 quietam
699 4228 815 4288 silentio
831 4227 1023 4303 permanere?
1064 4234 1113 4294 sed
1139 4234 1305 4291 innumeras
1327 4230 1431 4290 cinifes
1455 4230 1572 4304 superbi
1593 4227 1753 4290 Pharaonis
1775 4236 1805 4287 et
1826 4228 1921 4288 totius

167 4321 251 4381 Unde
272 4336 331 4381 non
358 4320 505 4379 immerito
532 4320 567 4379 de
588 4318 764 4394 quibusdam
789 4335 840 4394 per
866 4317 1182 4428 ieremiamD-AEgppti
1200 4335 1372 4395 superavere
1392 4319 1530 4381 virtutem
1545 4321 1645 4389 theod.
1668 4323 1709 4391 rt).
1736 4317 1830 4377 Breve
1846 4325 1921 4379 tem·

166 4410 274 4473 dicitur
294 4431 301 4470 :
329 4410 519 4473 «llocuerunt
539 4411 671 4485 linguam
691 4424 773 4470 suam
798 4409 877 4484 loqui
901 4410 1020 4471 menda·
1063 4427 1119 4487 pus
1138 4417 1181 4470 est
1205 4411 1286 4481 hora,
1302 4408 1352 4468 sed
1370 4409 1442 4468 dum
1461 4408 1531 4468 hora
1551 4410 1632 4468 horre
1650 4406 1790 4467 continua
1804 4422 1922 4467 suecos·

168 4503 264 4575 cium;
292 4511 325 4564 ut
349 4503 451 4578 inique
477 4508 595 4577 agerent
617 4501 821 4561 laboraverunt
845 4502 907 4575 (ter.
937 4505 1020 4574 rut.»
1064 4502 1147 4563 sione
1162 4501 1361 4576 conjungitur,
1389 4501 1478 4560 totius
1505 4499 1574 4559 uitro
1600 4505 1707 4559 nostem
1732 4512 1838 4558 cursus
1865 4496 1922 4557 im·

168 4593 327 4654 laborasse
353 4608 481 4668 namque
504 4592 653 4664 dicuntur,
683 4597 716 4651 ut
744 4590 879 4665 nequiter
905 4594 1023 4664 agerent
1064 4590 1170 4666 pietur.

168 4682 221 4759 qui
242 4681 360 4741 tacendo
374 4681 476 4757 otique
493 4680 556 4740 sine
578 4685 692 4754 peccato
707 4677 814 4739 melius
831 4678 1020 4754 quievissent.
1101 4681 1193 4741 Nemo
1213 4680 1311 4755 itaque
1336 4679 1522 4753 semetipsum
1548 4675 1681 4751 decipiat,
1710 4675 1812 4734 iratres
1841 4673 1920 4743 mei;

168 4775 205 4835 Et
232 4774 257 4833 si
283 4772 356 4831 forte
374 4771 534 4847 quemlibet
556 4771 673 4830 tratrem
693 4770 724 4828 in
746 4770 847 4843 lingua
870 4783 901 4827 se
915 4767 1024 4843 jugiter
1067 4770 1115 4831 sed
1136 4775 1296 4846 peceatum,
1309 4767 1389 4843 quod
1412 4766 1477 4828 lere
1495 4764 1652 4826 arbitratur
1669 4780 1742 4835 esse,
1757 4763 1829 4823 dum
1848 4776 1920 4837 pen·

169 4862 289 4941 fatigare
315 4860 451 4933 delectat,
479 4860 606 4920 Paulum
630 4859 729 4919 audiat
761 4858 838 4933 quod
865 4857 1023 4918 Corinthiis
1067 4869 1121 4935 sat,
1146 4876 1233 4936 grave
1257 4857 1391 4919 rideatur
1411 4858 1442 4917 in
1467 4857 1531 4932 ejus
1550 4854 1753 4928 estimatione,
1776 4867 1848 4912 cum
1870 4866 1923 4911 uu·

170 4956 246 5016 dieat
265 4975 272 5015 :
291 4973 305 5008 ι
321 4950 396 5024 Quid
415 4966 493 5026 ergo,
515 4947 639 5010 iratres?
659 4964 728 5008 cum
746 4946 918 5020 convenitis,
935 4963 1024 5008 unus
1068 4956 1169 5012 marat.
1185 4949 1349 5021 Quideuim
1362 4944 1564 5008 duriussaxol
1578 4944 1653 5017 Quid
1666 4958 1743 5018 aqua
1756 4938 1921 5017 liquidius?

170 5044 296 5118 quisque
315 5048 442 5103 restrum
462 5040 608 5116 psalmum
628 5036 725 5109 babet,
745 5035 906 5097 doctrinam
927 5036 1023 5108 habet,
1067 5049 1095 5102 et
1110 5038 1373 5115 tamenaquodam
1389 5035 1517 5110 sapiente
1535 5032 1654 5107 (ovidio)
1670 5030 1799 5092 dicitur:

170 5133 366 5210 APOtdisslsslll
396 5130 497 5197 habet·
525 5129 656 5203 linguam
687 5125 792 5198 habel,
819 5127 1027 5201 interpretatio·
1149 5141 1228 5193 Gutta
1241 5146 1316 5211 cavat
1331 5130 1750 5202 lapidem,consomituranuulus
1768 5143 1825 5180 usn.

171 5240 239 5284 nem
268 5224 381 5284 habet:
408 5221 507 5284 omnia
525 5221 559 5280 ad
580 5218 802 5279 aedilicatiooem
825 5218 897 5278 liam
917 5223 942 5285 tl
964 5221 1024 5278 Cor.
1104 5219 1251 5279 Nimirum
1281 5225 1309 5278 et
1340 5212 1436 5278 omnis
1461 5212 1570 5273 animae
1593 5216 1699 5271 nostre
1731 5206 1864 5269 soliditas
1890 5219 1922 5264 ac

97 5316 103 5323 ’
170 5320 277 5381 xlvi.»
1070 5308 1209 5370 tortitudo
1239 5307 1423 5376 destruimr,
1453 5302 1478 5363 si
1507 5298 1634 5361 assiduis
1661 5294 1873 5360 inundantium
1895 5298 1921 5352 ct

210 5400 242 5461 Si
260 5416 348 5476 quem
364 5418 432 5479 ergo
450 5401 536 5463 radet
556 5400 685 5477 linguam
705 5415 788 5461 suam
807 5398 900 5474 rigida
917 5397 1027 5458 silentii
1071 5394 1286 5473 quodammodo
1303 5391 1478 5470 pluvialium
1493 5389 1647 5451 verborum
1666 5384 1799 5447 fluxibus
1821 5388 1921 5443 ahua-

175 5507 298 5555 eensura
324 5507 522 5569 compescere,
547 5490 666 5563 orando,
696 5490 864 5569 psallendo,
895 5487 1025 5563 legendo,
1072 5493 1132 5558 tur,
1146 5485 1324 5562 quamviset
1337 5481 1438 5543 leniter
1451 5496 1483 5540 se
1496 5493 1627 5555 peccasse
1640 5476 1708 5555 quis
1718 5478 1922 5544 asserendam
