4100 6209
237 436 291 498 uit
518 433 549 491 S.
560 433 663 491 esunt
686 432 829 490 banniti
847 431 923 490 OPP.
943 431 1044 504 Pius.
1055 419 1122 492 SEU
1136 433 1256 495 rottbs
1274 436 1307 494 11.
1327 417 1363 480 2
1381 423 1576 497 subitonus}
1796 490 1807 500 .
1822 433 1879 493 838

238 548 414 611 carpinetum
425 554 479 614 cst,
490 545 662 618 nequaquam
676 544 781 634 debetis
793 544 945 618 intelligere
958 545 1031 615 quud
1045 574 1068 635 Α
1081 560 1144 601 cum
1168 546 1323 606 bominibus
1342 549 1488 606 multarum
1508 547 1738 617 divitiarum,·rei
1760 557 1880 606 terrente

238 646 266 699 in
277 654 388 698 curnem
402 638 439 694 sit
452 636 601 694 uentura
608 645 721 702 mutata,
734 637 783 693 sed
796 633 990 707 quuduierbn
1003 633 1031 689 in
1082 636 1231 706 sepienda,
1245 647 1293 695 aut
1309 654 1450 710 generose
1468 639 1629 708 nobilitatis,
1642 641 1690 697 sed
1711 653 1774 696 eum
1788 640 1880 697 horai·

238 732 341 788 unitur
351 743 477 802 personae
488 738 601 786 srtcam
614 737 750 800 suscepta.
764 728 862 785 Carnis
874 733 965 784 autem
980 740 1031 783 uo·
1082 728 1161 784 nibus
1176 729 1253 785 imum
1264 730 1422 788 veluntatis.

238 824 310 877 ruine
324 820 406 877 borno
419 818 562 891 accipitur,
577 833 639 875 cum
650 834 704 889 quo
714 817 912 891 intmllirgiuis
925 816 1031 873 viscera
1116 820 1289 879 Gaudeamus
1303 823 1407 895 itaque,
1419 821 1601 891 dilectissimi,
1608 830 1636 879 et
1648 821 1713 877 totis
1723 819 1750 878 in
1761 820 1879 879 beurim

237 921 331 969 mureto
353 911 456 983 Spiritu
483 909 637 976 fecundata,
661 919 716 967 ιυιιι
738 909 957 980 inseparabiliter
982 909 1030 966 bei
1081 912 1231 971 visceribus
1246 913 1425 981 delectemur,
1433 915 1499 987 quia
1509 913 1636 972 cbristus
1647 904 1702 987 'pas
1710 919 1817 981 uostm,
1830 915 1877 985 qui

237 1002 321 1059 Filius
332 1010 376 1059 est
389 1002 529 1068 unitus,ut
538 1001 585 1072 qui
597 1010 656 1057 eret
666 1001 726 1058 sine
737 999 899 1073 temporede
908 1000 1030 1059 essentia
1081 1003 1145 1063 lecit
1160 1016 1275 1078 utraque
1298 1022 1383 1064 uuum
1396 1005 1507 1079 (lipsa.
1530 1005 1573 1079 ιι),
1594 1005 1697 1064 idcireo
1717 1005 1800 1063 bodie
1813 1006 1881 1063 risi·

236 1094 327 1150 Patris
348 1092 467 1164 genitus,
484 1092 543 1164 ipse
567 1092 604 1148 sit
625 1090 812 1164 temporaliter
827 1091 862 1149 de
875 1101 955 1149 uteru
967 1090 1030 1147 liit-
1081 1108 1140 1155 rare
1155 1098 1281 1170 dignam
1292 1107 1337 1155 egr
1351 1098 1483 1154 mundum
1501 1104 1532 1154 ut
1547 1093 1673 1153 pompm
1688 1094 1769 1154 bom
1779 1096 1877 1153 ηις..

236 1185 307 1256 ginis
322 1192 414 1241 uatus.
430 1182 484 1240 Sed
500 1185 553 1241 lroe
567 1183 716 1241 bominioae
730 1183 882 1242 nativitatis
892 1183 1031 1241 ineffabile
1080 1187 1145 1243 tatis
1158 1184 1289 1259 perducet
1309 1189 1344 1245 ad
1367 1186 1536 1246 consortium
1550 1186 1669 1245 deitatis.
1682 1184 1737 1255 Qui
1749 1185 1880 1242 rideiioet

236 1286 446 1342 sacramentum,
471 1292 533 1348 qure
550 1290 628 1333 meus
640 1277 883 1349 comprehendere,
900 1291 960 1348 quse
977 1276 1030 1332 lin·
1081 1285 1197 1347 utraque
1218 1292 1301 1333 unum
1320 1276 1394 1345 iecit,
1410 1278 1474 1349 quia
1497 1275 1622 1334 immittes
1641 1289 1704 1333 cum
1723 1276 1826 1349 angelis
1849 1277 1878 1333 ἰιι

236 1379 286 1439 gua
299 1364 389 1420 ualeat
403 1361 520 1435 pleniter
534 1365 692 1436 explicaret
705 1365 765 1422 Non
782 1367 856 1422 enim
867 1379 883 1420 a
894 1366 1028 1440 propbeta
1081 1381 1206 1438 superum
1219 1365 1388 1425 Hierusalem
1413 1367 1488 1423 socia
1508 1365 1711 1424 cohabitatione
1724 1366 1879 1437 conjuxit.

236 1458 294 1515 sine
315 1470 398 1513 cause
416 1456 519 1513 dictum
533 1466 595 1514 est:
623 1476 633 1511 ι
658 1456 867 1515 Generatiunem
883 1457 943 1531 elus
965 1459 1029 1530 quis
1080 1458 1205 1530 Utraque
1221 1475 1305 1517 unum
1330 1459 1406 1526 lecit,
1426 1459 1489 1530 quia
1502 1472 1594 1525 orem,
1607 1473 1669 1529 quse
1689 1456 1820 1529 perimat,
1842 1460 1877 1511 ad

236 1546 388 1605 enarrabitt
410 1545 503 1617 r(1so.
517 1546 589 1620 ιιιι.)
949 1625 955 1636 ‚
1079 1565 1188 1621 gregem
1211 1551 1331 1622 propriis
1347 1549 1469 1607 humeris
1494 1550 1643 1621 reportarit
1656 1536 1766 1620 (fatti.
1783 1546 1876 1619 ruri).

269 1637 430 1711 Pustpositis
443 1638 529 1710 igitur
546 1639 590 1696 his
601 1653 663 1710 quae
677 1635 711 1696 de
734 1639 916 1696 sacratissima
931 1638 1029 1696 nativi·
1078 1639 1157 1697 lesus
1178 1640 1304 1698 cbristus
1323 1641 1455 1698 ῠυιυίιιυι
1474 1650 1578 1705 rroster,
1591 1638 1638 1710 qui
1663 1652 1725 1694 eum
1748 1637 1830 1693 Perre
1848 1646 1878 1692 et

235 1739 290 1788 tate
311 1727 468 1788 nPatribus
481 1730 583 1787 nostris
602 1729 683 1785 iatius
697 1728 832 1800 disputata
856 1740 931 1795 sunt,
951 1729 1027 1797 libet,
1080 1727 1184 1803 Spiritu
1199 1742 1294 1791 sancto
1306 1732 1412 1790 riritet
1425 1740 1521 1805 regnat
1541 1731 1701 1789 benedictae
1721 1729 1750 1786 iu
1774 1728 1876 1785 rasela

235 1813 333 1878 iratres
345 1819 510 1889 cbarisslmi,
523 1820 661 1892 paulisper
669 1820 703 1875 nd
717 1819 897 1876 bumilitatem
907 1819 1026 1877 liudem·
1080 1825 1253 1881 seculorum.
1274 1825 1372 1882 Amen.

234 1915 318 1988 pteris
329 1914 427 1983 nostri,
437 1914 583 1971 locutionis
597 1912 742 1969 articulum
764 1912 886 1977 ilectere,
910 1921 939 1967 ct
960 1911 1064 1989 quidg

233 2020 282 2077 pro
301 2012 394 2061 nostra
407 2004 496 2060 salute
507 2002 563 2070 iam
581 2001 609 2058 in
633 2001 691 2072 ipsu
714 2015 765 2056 sua
779 1999 921 2056 transitate
935 2008 1028 2071 pertu·
1179 1979 1256 2052 (¹¹5)
1275 1977 1432 2037 ᾸΝΟΝῩΜῙ
1449 1976 1641 2036 (ἶωῦὅΡΙΑΗ
1657 1976 1774 2037 SERHO

233 2096 304 2163 terit,
328 2094 463 2151 cummuni
481 2092 621 2149 robiscum
641 2091 810 2148 discussione
820 2103 946 2162 pensare.
961 2088 1028 2159 Quis
1079 2106 1113 2148 ss
1127 2105 1467 2148 utrrrtrarrstsrarosrs
1481 2106 1516 2148 er
1527 2105 1681 2148 ιιιιιυιιιιι
1695 2105 1875 2150 summissus

233 2186 304 2242 emm
317 2185 398 2257 drgne
410 2184 504 2240 mirari
518 2181 624 2238 veienti
634 2181 700 2249 Quis
712 2194 765 2237 non
772 2181 944 2253 obstupescat
955 2180 1027 2252 qnod
1288 2176 1322 2217 Β*
1332 2176 1436 2218 “⁰1¹⁸-
1444 2162 1511 2235 (¹¹v
1525 2163 1653 2235 mm)

233 2293 266 2345 rs,
280 2277 327 2349 qui
351 2275 413 2334 coeii
441 2273 623 2331 immensitate
639 2289 694 2329 non
716 2273 833 2344 eapitur,
861 2273 888 2331 in
911 2280 1029 2345 angusto
1113 2269 1172 2328 lion
1181 2271 1280 2343 poterit
1290 2272 1420 2344 explicari
1429 2287 1557 2330 sermone
1566 2272 1639 2346 quod
1649 2283 1741 2330 mente
1751 2274 1875 2345 concepi,

232 2364 540 2439 prmsepiureclinaturl
557 2363 609 2433 Qui
629 2362 732 2419 electos
750 2377 814 2420 snus
828 2362 898 2420 stols
912 2364 1027 2419 immor·
1077 2372 1173 2436 stupor
1184 2364 1258 2420 enim
1270 2363 1465 2426 miraculorum
1475 2365 1699 2437 opprimitneet
1708 2364 1774 2422 dum
1782 2366 1875 2423 omnia

156 2529 169 2536 -
232 2456 345 2513 talitatis
359 2454 457 2519 induit,
473 2452 572 2510 ritibus
587 2451 686 2523 pannis
708 2450 814 2524 contegi
829 2466 887 2508 non
907 2460 1029 2509 conmut-
1079 2453 1287 2525 repiien,omuia
1304 2453 1523 2527 complicantur:
1539 2475 1550 2510 ι
1567 2456 1633 2525 Quis
1644 2459 1875 2529 peteritcugitare

142 2593 149 2605 .
232 2549 295 2619 psit.
316 2544 346 2602 in
368 2542 499 2602 stramine
518 2541 642 2599 recubuit
653 2540 810 2597 animalium
825 2541 872 2611 qui
890 2541 967 2598 cibus
984 2548 1029 2597 est
1077 2546 1149 2602 diem
1165 2546 1415 2618 adrentusejusir
1431 2545 1745 2620 (enarrationem
1758 2549 1876 2622 eingeis
1904 2581 1916 2595 -

170 2693 176 2700 .
232 2638 400 2711 angelorum.
416 2635 594 2706 Qninrarium
611 2633 866 2708 procellasmitigat,
883 2636 1027 2707 quiaqua-
1077 2635 1182 2708 liugtra,
1197 2637 1329 2693 memoria
1344 2635 1499 2705 immemor,
1509 2637 1677 2696 insensibilis
1697 2654 1806 2696 sensus
1831 2639 1878 2700 ls-

232 2746 291 2788 rum
307 2727 501 2788 abundantiam
513 2726 669 2783 numinibus
679 2727 880 2797 subministrat,
897 2743 974 2784 raras
993 2727 1028 2784 de
1076 2735 1152 2782 sueta
1183 2725 1326 2783 testivitate
1349 2726 1471 2784 reluoem
1494 2727 1597 2793 emnia,
1622 2737 1651 2785 et
1668 2729 1759 2784 omnia
1783 2729 1874 2799 partui

232 2824 354 2895 virgineo
371 2829 481 2894 pectore
491 2827 583 2892 guttas
595 2816 676 2875 lactis
689 2825 841 2888 exspectat.
857 2817 1027 2889 Exprimitur
1076 2818 1196 2889 Virginis
1210 2818 1409 2890 obsequuntur.
1428 2817 1511 2876 Fiunt
1526 2819 1663 2878 mirabilia
1676 2821 1705 2877 in
1717 2820 1799 2880 ,eoelo
1812 2837 1874 2878 sar·

231 2913 274 2969 lac
286 2926 320 2968 er
333 2909 462 2966 uberibus
472 2906 592 2981 Virginis
606 2914 636 2963 et
654 2905 682 2963 in
699 2920 812 2964 carnem
826 2907 943 2964 uertitur
964 2906 1025 2963 Sal·
1076 2923 1147 2972 sum,
1165 2909 1234 2966 etin
1250 2918 1324 2966 terra
1341 2908 1479 2979 deorsum,
1496 2918 1527 2968 et
1535 2911 1662 2970 universa
1686 2911 1714 2969 in
1735 2913 1874 2972 nasceotis

231 3002 343 3061 ιιιυιίυ.
361 3000 438 3059 Felix
464 3000 515 3057 ista
544 3014 690 3072 puerpera,
715 3013 776 3070 quae
802 2998 844 3055 sic
870 2997 970 3069 gaudet
992 2998 1027 3055 de
1077 2997 1123 3055 bei
1149 2999 1310 3071 obsequium
1331 2999 1502 3071 juraverunt.
1537 2998 1724 3072 insigniuntur
1746 3018 1871 3061 consen

231 3093 396 3152 iecurrditate
407 3091 504 3164 prolis,
515 3099 545 3145 ut
557 3105 728 3161 nequequam
740 3088 827 3146 timeat
837 3088 871 3146 tle
881 3089 1027 3147 arruissiune
1075 3089 1206 3146 emiorum
1227 3089 1313 3147 stella
1338 3090 1501 3161 lucentiori,
1526 3102 1555 3149 et
1576 3092 1661 3150 nrulto
1684 3093 1788 3152 lauriae
1813 3096 1872 3153 loca

231 3182 412 3257 virginitatis;
432 3198 493 3255 qnae
514 3182 589 3238 illum
615 3181 724 3239 iuvebat
749 3196 765 3237 a
788 3194 842 3253 quo
862 3180 1024 3248 souchetum
1076 3178 1242 3236 flammantia
1260 3181 1492 3255 prestringuntur.
1519 3181 1711 3241 bibunduntur
1727 3185 1874 3258 poem

230 3277 306 3333 illum
319 3274 346 3331 ln
359 3274 429 3331 uiuis
443 3274 567 3347 gestabat
580 3290 596 3330 a
609 3288 663 3347 quo
686 3273 768 3329 tetius
781 3272 874 3328 rutundi
897 3271 1022 3328 machina
1036 3270 1061 3335 c
1074 3270 1255 3341 quadrifidum
1268 3272 1363 3330 orbern
1383 3273 1452 3330 mdii
1474 3273 1671 3344 rutilantiores,
1685 3283 1714 3333 et
1728 3275 1872 3349 pluralita-

120 3357 124 3364 ’
230 3369 395 3427 continetur.
409 3366 586 3438 Stringitura
605 3373 692 3421 matre
703 3362 853 3437 puerilibus
868 3361 959 3419 lesciis
984 3361 1028 3423 in·
1077 3371 1130 3416 tem
1144 3361 1326 3418 stellariorum
1351 3362 1455 3436 ignium
1467 3378 1555 3420 novus
1571 3364 1643 3436 iguis
1662 3364 1798 3422 obtutmit
1819 3365 1871 3423 tti-

230 3460 405 3534 iantulusqui
419 3456 706 3516 cuml’utreomnium
720 3454 1027 3528 remmjuragubernat
1076 3464 1152 3510 ratur
1165 3437 1241 3512 orbis
1266 3453 1350 3511 coeios
1375 3470 1474 3514 notum
1496 3457 1633 3528 peperisse
1646 3457 1829 3529 splendorem,
1843 3468 1872 3516 et

161 3554 166 3560 '
230 3554 391 3612 immensus.
964 3555 971 3567 ·
1075 3544 1308 3602 incurrrertihilem
1323 3561 1417 3603 eorum
1431 3556 1533 3604 statum
1553 3548 1679 3622 adsigna
1705 3556 1736 3605 et
1747 3549 1872 3624 prodigia

266 3641 404 3714 Oenunta
422 3649 486 3697 tuuc
499 3645 578 3704 erant
592 3653 686 3712 regum
700 3636 795 3694 mundi
820 3635 918 3694 turrita
943 3635 1025 3710 325
1075 3633 1159 3692 luisse
1180 3649 1351 3693 conversum.
1376 3633 1475 3695 iidem
1495 3632 1615 3696 cuatuor
1641 3639 1669 3696 in
1688 3638 1777 3718 eoebs,
1797 3642 1871 3711 qum

229 3734 342 3807 palatia,
355 3744 454 3806 quanta
471 3733 548 3789 miris
571 3731 706 3805 lapidibus
726 3737 822 3786 ornata
845 3729 980 3786 triclinia!
998 3737 1028 3787 et
1074 3726 1184 3782 llalaam
1200 3726 1308 3799 reliquit
1322 3728 1349 3784 iu
1363 3729 1491 3801 scriptis:
1519 3729 1771 3804 «brictoniuquit,
1791 3731 1870 3789 stetb

231 3836 320 3884 tamen
332 3827 424 3882 omnia
439 3824 486 3882 illa
500 3822 673 3895 contempsit,
686 3820 732 3895 qui
749 3820 910 3894 presepium
927 3820 962 3877 ad
976 3834 1024 3876 cu·
1075 3832 1109 3873 ex
1122 3813 1219 3883 iacob,
1232 3824 1261 3873 et
1274 3827 1422 3891 consurget
1434 3818 1515 3876 borno
1528 3833 1563 3875 er
1577 3819 1706 3888 tenete
1717 3820 1772 3877 erit
1779 3821 1871 3878 omnis

114 3913 125 3926 ⁸
231 3918 329 3976 stabula
343 3934 399 3975 sum
417 3916 566 3975 natiuitatis
578 3913 670 3987 elegit.
683 3912 741 3970 Nun
758 3912 844 3969 lectos
856 3911 935 3985 petiit
946 3926 1027 3967 aura·
1077 3916 1150 3963 terra
1160 3906 1366 3978 possessioque
1378 3906 1474 3982 (Nam.
1494 3909 1870 3982 rrrr).rliasciturstellaia

231 4010 267 4067 tis
281 4007 525 4072 vestibusubsitus,
540 4020 595 4062 non
606 4002 786 4077 purpuraret
797 4002 878 4075 pictis
891 4003 1026 4073 tapetibus
1074 3996 1201 4064 excelsis,
1218 4006 1246 4054 et
1258 3997 1329 4054 licus
1353 3999 1380 4054 iu
1404 4000 1497 4064 terris,
1512 3999 1592 4073 eujus
1603 4002 1742 4073 possessio
1760 4017 1777 4057 a
1799 4004 1872 4062 mel

232 4097 399 4165 'adorientem
411 4100 460 4155 sed
474 4100 501 4153 in
512 4097 638 4154 catabulo
651 4095 776 4153 recubuit
795 4094 965 4160 animalium,
978 4091 1026 4165 qui
1076 4091 1207 4163 usquead
1220 4104 1305 4149 mare.
1320 4090 1479 4164 Preparant
1490 4109 1520 4151 se
1532 4109 1609 4169 reges
1621 4095 1744 4164 Titanis,
1755 4104 1796 4152 -ut
1805 4111 1869 4152 rura

232 4192 383 4249 innumeris
394 4189 510 4246 saliatur
524 4189 680 4261 angelorum
694 4186 861 4258 agminibus3
886 4185 964 4256 dejici
979 4200 1028 4242 ro·
1075 4184 1198 4241 novitate
1211 4199 1352 4240 munerum
1366 4184 1588 4242 rideautnuram
1610 4195 1737 4264 matrem,
1751 4186 1802 4243 titt
1819 4201 1870 4243 rte·

232 4281 284 4340 luit
298 4290 326 4337 ut
345 4297 396 4339 nus
415 4281 573 4337 adsumme
591 4278 770 4351 prureberet;
794 4292 898 4350 pauper
922 4278 950 4334 in
974 4279 1028 4334 boc
1076 4289 1137 4330 ram
1151 4276 1333 4332 nativitatem.
1353 4274 1619 4333 Fonsoieideterra
1631 4277 1761 4349 erumpit
1784 4275 1868 4333 Ten·

233 4375 334 4433 runrrdo
348 4373 436 4430 tactus
449 4381 501 4450 est,
517 4380 547 4429 ut
561 4369 776 4428 nosdiritiarum
790 4385 900 4427 suarum
916 4371 1027 4441 partici-
1075 4367 1148 4439 pium
1174 4368 1277 4432 iiumm,
1304 4368 1377 4439 quod
1403 4370 1552 4426 recabatur
1577 4377 1720 4439 atomum,
1753 4369 1868 4437 corruit,

230 4483 279 4540 pes
292 4465 455 4536 exhiberet
655 4464 657 4468 ’
1076 4460 1202 4516 omnibus
1214 4461 1344 4533 impensis
1356 4470 1385 4517 et
1403 4461 1482 4519 Urbis
1507 4470 1536 4518 et
1547 4461 1621 4519 orbis
1632 4462 1869 4520 mirabiliterooe

267 4555 342 4612 lianc
374 4551 562 4625 Redenrptoris
590 4552 675 4609 nostri
700 4549 900 4618 bumilitatem,
926 4550 1027 4608 iratres
1077 4562 1250 4606 summotum.
1271 4551 1424 4609 Crumenim
1436 4551 1552 4610 Rentanl
1569 4556 1595 4610 in
1620 4553 1775 4611 rictoriosae
1792 4553 1869 4609 anti·

230 4641 397 4711 citatissimi,
413 4643 468 4699 teia
491 4641 574 4698 artirui
600 4641 819 4698 eurrsideratione
843 4641 1023 4713 perpendite;
1039 4634 1188 4713 unitatis
1200 4645 1357 4699 memoriam
1379 4642 1506 4715 templum
1526 4642 1657 4715 singulari
1673 4644 1813 4701 sebemate
1824 4643 1869 4700 iae

229 4739 301 4795 bane
322 4735 436 4793 solerter
449 4733 550 4790 itubere
562 4741 670 4798 curate,
692 4732 786 4789 mundi
811 4732 925 4805 gloriam
948 4749 1024 4806 sper-
1075 4737 1139 4792 ecre
1152 4735 1343 4799 decreuissent,
1363 4735 1399 4791 ab
1418 4736 1492 4793 omni
1507 4735 1551 4791 iiia
1564 4735 1753 4803 deorurn‚imu
1765 4736 1868 4791 durno·

127 4875 132 4886 ,
229 4832 296 4897 uite,
311 4842 445 4901 pauperes
461 4825 1023 4898 essecnmeristorerasdiritiasdepu-
1076 4828 1183 4882 ariorum
1208 4824 1382 4881 multitudine
1406 4826 1581 4893 quaesierunt,
1602 4839 1744 4897 usquequo
1768 4826 1870 4882 durare

119 4971 124 4976 ,
228 4928 294 4976 tute.
311 4916 481 4976 Sacrlilcium
497 4915 553 4971 beo
572 4915 650 4971 benae
670 4914 817 4971 voluntatis
836 4914 936 4972 offerre
949 4923 1023 4972 sata-
1075 4928 1167 4993 posset
1190 4929 1244 4976 tarn
1266 4917 1424 4974 excelientis
1444 4918 1534 4989 operis
1552 4932 1667 4989 operose
1689 4918 1868 4974 constructio.

227 5011 294 5082 gite,
306 5009 330 5068 si
343 5008 372 5065 in
387 5015 531 5079 conspectu
544 5003 603 5075 ejus
612 5003 761 5062 vultisueri
772 5004 869 5061 divites
880 5020 1022 5078 apparere.
1075 5010 1243 5081 Responsum
1255 5016 1297 5064 est
1311 5027 1318 5064 ι
1330 5009 1422 5065 nones
1437 5006 1519 5080 Virgo
1533 5018 1652 5081 pareret.
1667 5009 1706 5065 iili
1718 5011 1752 5066 ad
1765 5010 1868 5082 impos-

225 5100 350 5157 Audistis
368 5097 442 5154 euim
467 5097 540 5169 'quia
557 5095 638 5152 lrudic
660 5104 724 5151 nuto
738 5094 854 5152 bomtnu
867 5096 954 5153 sancti
974 5112 1024 5153 an·
1075 5101 1230 5160 sibilitatem
1249 5101 1389 5157 oracutum
1415 5107 1615 5170 retorquentes,
1638 5099 1768 5172 templum
1787 5108 1868 5156 eter-

226 5188 277 5261 gcii
291 5196 492 5247 cantaverunt:
508 5185 619 5243 «Gloria
632 5187 658 5243 in
670 5187 785 5245 excelsis
795 5187 862 5254 beo,
872 5197 899 5242 et
911 5187 939 5243 in
951 5196 1023 5245 terra
1075 5207 1139 5250 num
1154 5191 1301 5247 solemnem
1316 5189 1389 5243 illurn
1413 5189 1567 5247 maclrinnur
1581 5199 1757 5247 rocaverunt.
1783 5189 1868 5246 baete

226 5295 279 5353 pax
308 5279 464 5344 bominibus
487 5279 565 5335 buum
591 5279 738 5336 rolrrntntis
761 5279 915 5353 (increpo
936 5280 1023 5339 Hodie
1073 5293 1164 5339 autern
1178 5284 1239 5348 ista,
1256 5297 1317 5338 cum
1335 5283 1369 5339 dc
1380 5282 1506 5354 rirgirraii
1528 5282 1647 5338 thalamo
1666 5279 1869 5358 imneredus

226 5373 326 5446 quippe
338 5389 390 5445 pax
403 5372 458 5429 lieo
475 5386 538 5429 curu
555 5371 711 5430 horninibus
734 5370 807 5428 iacta
831 5381 884 5440 est,
899 5372 947 5429 sed
968 5388 1022 5429 uun
1073 5375 1164 5433 ilario}
1175 5382 1373 5446 egressus‘est,
1397 5375 1435 5431 ita
1456 5357 1566 5442 cecidit,
1587 5381 1615 5431 et
1638 5372 1810 5431 eoniraetrrrn
1826 5384 1868 5431 est

263 5506 338 5578 (115)
356 5506 483 5580 Aieysius
495 5504 662 5578 Lipomauus
674 5515 703 5562 et
724 5506 891 5564 recentiores
911 5506 957 5563 alii
977 5522 1021 5565 sc·
1073 5506 1231 5563 banniarum
1243 5508 1381 5581 octoginta
1404 5507 1484 5564 aunis
1504 5506 1576 5563 diem
1598 5506 1678 5573 obiit,
1691 5505 1796 5562 mentio
1818 5506 1868 5561 bs·

226 5585 355 5702 fluentem
369 5592 523 5633 sermonem
539 5579 573 5633 de
586 5575 734 5633 Natiuitate
756 5576 862 5634 bomini
886 5577 917 5633 ii.
936 5577 1019 5634 Petro
1071 5576 1180 5643 beatur,
1203 5579 1305 5648 absque
1321 5577 1404 5634 drrblu
1418 5577 1464 5632 alii
1490 5577 1647 5633 tribuendus
1669 5575 1789 5632 ridetur.
1812 5574 1868 5631 ttus

250 5645 359 5702 amiano
371 5648 519 5703 ascribunt.
540 5645 594 5702 Sed
610 5662 692 5718 quant
711 5662 806 5702 verum
818 5647 844 5703 id
859 5648 905 5713 sit,
916 5648 1018 5720 optime
1071 5662 1135 5705 reru
1150 5647 1201 5703 hac
1214 5648 1248 5704 de
1258 5663 1340 5704 eausa
1355 5648 1427 5703 beati
1441 5647 1493 5702 riri
1516 5647 1688 5703 semronibus
1702 5645 1779 5702 illum
1793 5647 1867 5702 luse-

227 5715 420 5772 auimadrertit
435 5716 732 5797 cerdirralisiiaronius,
749 5717 828 5772 initio
844 5719 911 5773 torm
936 5719 1016 5788 primi
1069 5718 1183 5774 rendum
1201 5718 1338 5784 duximus,
1362 5727 1393 5773 ut
1418 5717 1564 5787 aliquando
1586 5714 1700 5787 alieuius
1723 5715 1866 5799 diligatis

225 5785 373 5843 Annalium
391 5784 649 5844 ecelesiasticorum.
661 5785 730 5843 Corn
743 5786 816 5841 enim
833 5786 862 5842 in
882 5801 916 5843 ee
928 5788 1015 5844 suncti
1067 5803 1120 5844 suo
1133 5789 1292 5848 restituatur
1314 5787 1436 5844 ιιιυιυιὶ.
1458 5789 1603 5844 Curr.—-
1614 5787 1663 5844 Est
1679 5785 1784 5842 bicolor
1804 5786 1866 5842 eta·

226 5855 358 5914 uemardt
371 5852 478 5915 abbatis
488 5854 713 5925 clarevellensis,
729 5855 775 5926 qsi
785 5864 848 5926 poet
859 5854 891 5914 li.
904 5856 1014 5916 Petrum
1068 5856 1475 5930 montensisumurtu,utp‘an
1486 5853 1863 5918 mosomensem
