4100 6209
174 237 245 306 1015
406 242 437 306 S.
457 242 569 306 PETRI
587 244 752 306 ulutatu
770 246 849 310 OPP.
870 247 966 309 PARS
987 246 1057 309 SEU
1076 248 1202 313 rudus
1219 251 1259 314 11.
1280 285 1311 299 -
1333 251 1559 315 SANGTORUM
1577 250 1689 312 VITAE.
1854 251 1927 315 tutu

176 372 294 433 clusum
306 371 407 445 misse,
423 372 478 431 boc
489 386 536 432 me
552 371 701 446 scripsisse
716 374 848 448 reperio:
864 400 878 425 α
901 374 955 435 Sed
973 391 1026 436 cur
1036 375 1173 449 Abescat,
1186 379 1295 439 mirum
1310 381 1388 440 unde
1401 380 1447 440 illi
1460 380 1662 440 tantusfervor
1673 376 1835 448 incandeat,
1846 378 1927 439 utin

176 479 230 538 ego
256 467 370 524 sanctos
397 464 652 523 commemorando
678 463 757 525 viros
783 466 898 527 diversa
920 472 1029 542 passim
1069 466 1271 541 spiritualibus
1290 470 1436 529 exercitiis
1453 484 1483 529 se
1500 483 1613 542 semper
1634 466 1786 537 invictum,
1811 481 1929 542 semper

177 552 239 613 ioca
260 552 415 629 perlustro,
435 551 671 627 quandoquidem
691 553 768 613 intra
797 554 895 629 limen,
917 563 946 615 et
969 573 1029 632 prm
1070 555 1279 630 infatigabilem
1295 557 1403 618 reddat.
1417 558 1501 629 Nam,
1514 564 1547 616 ut
1561 557 1625 631 ipso
1637 556 1778 614 referente
1789 554 1927 629 cognovi,

178 643 315 704 manibus
336 647 427 711 teneo,
451 642 486 701 ad
510 643 594 718 cujas
613 643 700 716 digne
719 644 865 705 efferenda
884 647 1031 721 praeconia
1071 643 1220 718 saepeduo
1235 643 1449 719 psalteriorum
1470 644 1632 719 disciplinis
1649 644 1749 702 eundo
1761 643 1929 713 condonat,

175 733 271 808 impar
283 730 398 792 viribus
411 746 470 817 uon
484 734 627 803 assurgo‘.l
641 731 723 792 Certe
732 734 847 794 cellulis
857 735 1029 797 altrinsecus
1071 732 1111 792 ila
1125 739 1158 792 ut
1171 749 1265 808 neque
1278 734 1396 794 interim
1411 735 1518 806 sedeat,
1532 748 1628 809 neque
1638 733 1684 791 rel
1697 734 1733 792 ad
1744 738 1930 793 momentum

81 846 86 849 -
175 820 349 890 consuletis,
371 820 434 880 solo
461 820 588 881 basilice
611 823 765 882 mediantis
783 823 949 895 interstitio,
976 839 1030 895 ego
1070 823 1337 896 eparcussiouibus
1350 823 1514 882 incredibili
1533 821 1640 882 tuentis
1660 822 1772 882 fervore
1785 822 1927 896 quiescat.

177 908 287 986 illeque
305 910 474 970 diuidimur.
492 911 582 985 liujus
600 912 625 970 si
643 913 800 972 virtutibus
822 913 1031 973 enumerandis
1072 910 1234 986 Inquirenti
1249 913 1322 971 mibi
1341 912 1498 988 aliqrrendo
1513 920 1612 973 utrum
1629 920 1723 988 posset
1735 926 1804 971 cum
1823 912 1928 971 ferreae

176 996 309 1073 invigilo,
334 1006 400 1059 aute
417 999 480 1059 dies
495 1000 620 1060 elabitur
637 1016 726 1076 quam
746 1002 889 1061 scribendi
911 1002 1031 1061 materia
1071 999 1160 1058 restis
1181 1000 1307 1075 pondere
1325 1001 1532 1079 aliquantisper
1549 1018 1679 1077 genuum
1694 1000 1820 1060 flexibus
1839 1001 1929 1061 insit·

93 1148 99 1153 ,
175 1085 298 1147 deucere
319 1103 402 1163 posse
420 1089 561 1149 videatur.
582 1089 767 1151 Dominicum
789 1091 863 1162 dico,
885 1092 1030 1151 doctorem
1072 1089 1150 1160 dare,
1165 1089 1284 1149 subhac
1295 1090 1637 1151 mihideditobscuritate
1651 1090 1928 1165 responsumzcam

176 1176 311 1238 videlicet
334 1186 363 1237 et
379 1179 534 1240 dominum
550 1196 661 1252 meum,
687 1181 774 1255 cujus
792 1181 911 1255 quidem
930 1181 1032 1253 lingua
1072 1178 1266 1249 incolumitas,
1291 1180 1399 1255 inquit,
1422 1178 1497 1240 mibi
1525 1180 1623 1240 votiva
1645 1178 1808 1254 respondet,
1831 1193 1930 1255 quam

177 1268 285 1330 melisa
306 1274 359 1340 est,
384 1272 432 1330 sed
450 1271 509 1330 vita
523 1271 677 1331 artificiosa
695 1273 764 1333 satis
783 1280 811 1332 et
834 1272 936 1348 lepida.
958 1271 1031 1342 Qum
1071 1270 1167 1342 doque
1181 1284 1232 1342 per
1249 1284 1350 1328 omues
1369 1269 1457 1330 totius
1474 1268 1601 1345 psalterii
1617 1270 1780 1344 quindenos
1799 1268 1930 1343 psalmos

175 1359 315 1418 moenita
326 1359 395 1418 saus
408 1358 513 1420 utilius
526 1361 562 1419 ad
575 1360 796 1423 edidmuonem
808 1360 1032 1435 sirisoperibns
1072 1357 1182 1416 centies
1205 1373 1301 1433 genua
1319 1359 1432 1419 flectcre
1452 1356 1600 1418 consuevi.
1621 1357 1703 1429 Quod
1721 1355 1840 1432 quidem
1857 1364 1931 1416 tunc

176 1448 316 1525 praedicat
330 1464 418 1524 quam
435 1449 542 1510 sterilis
557 1451 750 1525 quorumdam
768 1451 878 1526 lingua,
895 1466 963 1526 quas
982 1466 1031 1509 ac·
1074 1461 1130 1504 nou
1143 1445 1298 1519 diligenter
1309 1449 1428 1519 attendi,
1442 1448 1627 1524 postmodum
1639 1462 1707 1507 rere
1721 1447 1800 1522 quod
1814 1446 1928 1509 dictum

144 1586 146 1592 .
175 1545 274 1598 curata
284 1539 442 1612 pbaleratae
454 1539 628 1600 urbanitatis
648 1541 736 1599 verba
757 1541 884 1600 inaniter
899 1539 1029 1600 trutinat.
1071 1533 1176 1603 fuerat,
1201 1540 1297 1594 mente
1319 1537 1482 1607 revolvens,
1506 1552 1524 1595 a
1546 1535 1681 1610 depresso
1704 1538 1824 1597 bomine
1848 1536 1930 1596 mille

177 1625 277 1701 Longo
297 1627 358 1699 jam
374 1641 521 1688 annorum
547 1627 678 1687 elabente
698 1628 854 1701 curriculo,
882 1629 972 1688 ferrea
994 1626 1031 1686 ad
1071 1630 1229 1684 metanaeas
1247 1624 1279 1683 in
1302 1641 1362 1684 uuo
1382 1625 1518 1700 psalterio
1541 1625 1613 1698 fleri,
1643 1624 1803 1686 admiratus
1821 1626 1930 1699 expavi

174 1729 292 1774 carnem
314 1712 402 1774 lorica
430 1714 615 1789 precinctus,
642 1716 874 1776 infoederabilem
900 1715 1359 1802 pugnamgfconeufeselroliacd
1372 1717 1471 1771 calcem
1488 1718 1579 1785 Vite).
1600 1712 1729 1784 Quadam
1741 1713 1789 1772 die
1802 1719 1868 1788 post
1878 1727 1930 1772 re-

175 1817 242 1863 cum
268 1801 382 1879 iniquis
402 1803 554 1879 spiritibus
569 1805 703 1878 conserit,
724 1820 895 1881 semperque
914 1809 1030 1880 paratus
1071 1817 1196 1877 speram,
1210 1800 1345 1863 cellulam
1363 1818 1457 1862 meam
1476 1802 1624 1878 ingressus
1639 1824 1646 1859 ε
1663 1801 1808 1877 Magister,
1831 1801 1932 1876 inquit

175 1893 211 1953 ad
237 1892 383 1968 pralium,
400 1908 460 1954 uon
476 1895 572 1955 solum
593 1897 688 1968 surde,
704 1895 754 1955 sed
769 1903 798 1954 et
815 1912 933 1971 corpore
953 1912 1030 1969 prae-
1070 1893 1136 1967 (boc
1153 1892 1231 1951 enim
1253 1890 1375 1965 indigno
1389 1890 1530 1951 vocabulo
1547 1906 1594 1950 mo
1607 1907 1645 1950 ea
1660 1890 1825 1951 bumilitate
1846 1906 1929 1952 oom-

176 1982 292 2042 munlto
312 1980 452 2041 adversus
469 1982 588 2042 bostiles
605 1983 681 2043 acies
699 1984 828 2045 fervidus
847 1984 966 2044 bellator
986 1984 1032 2044 in·
1071 1979 1182 2056 pellat),
1198 1979 1284 2039 bodie
1299 1978 1352 2039 leci
1366 1978 1443 2054 quod
1458 1979 1598 2038 hactenus
1613 1994 1659 2038 me
1674 1979 1775 2038 fecisse
1784 1994 1851 2039 uon
1864 1994 1928 2038 me-

175 2068 260 2130 oedit
276 2068 360 2130 Hauc
373 2077 473 2130 autem
485 2071 633 2133 coubnure
647 2073 715 2133 ritae
729 2074 969 2134 cousuetudinem
981 2075 1030 2133 iu·
1071 2069 1157 2141 mini,
1171 2075 1234 2129 octo
1246 2084 1351 2144 nempe
1366 2067 1503 2142 psalteria
1517 2068 1593 2128 inter
1605 2067 1683 2128 diem
1697 2077 1724 2128 et
1739 2076 1853 2129 noctem
1865 2083 1928 2129 ruo-

174 2158 342 2219 differeuter
367 2158 462 2232 babet,
483 2165 516 2219 ut
534 2160 585 2220 vix
609 2160 672 2221 dies
690 2161 750 2222 ulla
773 2168 933 2236 pretereat,
957 2163 1031 2238 quin
1071 2158 1189 2218 dulatas
1209 2156 1337 2233 explevi.
1358 2155 1516 2217 Videbatur
1535 2162 1634 2216 autem
1649 2162 1720 2216 tuuc
1734 2162 1812 2217 totus
1826 2156 1928 2217 rullus

175 2249 234 2310 duo
261 2250 397 2325 psalteria
421 2249 599 2310 modulando
617 2257 742 2327 utraque
760 2267 851 2312 mauu
871 2250 964 2328 scopis
982 2268 1032 2310 ar·
1071 2248 1135 2322 ejus
1150 2245 1191 2306 ita
1204 2246 1298 2319 scopis
1310 2247 1435 2329 attritus,
1449 2261 1483 2305 ac
1497 2245 1677 2305 sulcantibus
1690 2243 1868 2321 quibusdam
1882 2244 1928 2304 ri·

175 2344 254 2399 mate
274 2340 387 2401 nudum
406 2354 511 2416 corpus
527 2340 636 2400 allidat.
654 2340 689 2399 ill
707 2343 761 2401 boc
784 2343 943 2403 remissiori
962 2342 1031 2417 qui·
1071 2333 1186 2395 bisibus
1199 2335 1361 2407 livefactus,
1374 2341 1512 2411 tanquam
1526 2335 1551 2396 ei
1566 2334 1623 2409 pile
1636 2336 1733 2406 fuerit,
1745 2335 1927 2409 ptisanarum

176 2431 244 2491 dem
260 2437 399 2505 tempore.
415 2431 488 2491 Nam
503 2433 802 2507 quadragesimalibus
823 2433 952 2506 circulis,
969 2434 1032 2494 sive
1072 2424 1206 2486 videlidet
1222 2440 1302 2486 more
1321 2431 1470 2486 contuitis·
1491 2424 1654 2486 Psalmodit
1668 2440 1739 2493 saue
1760 2424 1804 2484 illi
1820 2424 1929 2486 idcireo

176 2533 245 2581 cum
266 2518 467 2596 paenitentiam
489 2520 682 2595 peragendam
708 2519 795 2580 babet
817 2522 929 2595 (crebro
952 2522 1031 2581 euim
1073 2524 1132 2578 ιιιιι
1147 2517 1232 2579 facile
1245 2517 1389 2593 provenit,
1409 2518 1479 2593 quia
1492 2532 1552 2578 uon
1566 2522 1624 2577 mm
1639 2516 1737 2589 rerba,
1753 2521 1788 2576 ut
1800 2515 1865 2591 ipse
1882 2531 1930 2575 as·

175 2616 293 2670 eentum
321 2623 467 2669 annorum
492 2609 693 2683 paenitentiam
717 2610 846 2685 suscipiat
875 2616 945 2671 tunc
981 2625 1033 2684 per
1073 2608 1153 2682 serit,
1184 2608 1286 2684 lingua
1312 2614 1506 2684 perstrepente
1532 2607 1665 2683 revolvit,
1694 2620 1782 2682 mam
1809 2620 1931 2668 sensum

175 2699 240 2761 dies
262 2697 405 2774 singulos,
419 2699 491 2759 dum
506 2714 537 2758 se
551 2713 705 2774 scoparum
722 2700 912 2760 tunsionibus
932 2699 1032 2774 edint,
1073 2697 1180 2757 mentis
1194 2696 1346 2757 mmcitete
1357 2698 1538 2772 percurrit.»

176 2785 548 2861 utmiuue‚triepsalterie
563 2787 730 2848 meditando
744 2788 892 2864 persolvit.
908 2788 1033 2850 Centum
1408 2802 1595 2865 egnum,

177 2880 275 2937 autam
293 2890 439 2937 auuomm
452 2875 717 2952 penitentialem),
739 2878 896 2953 sicutipse
917 2884 1033 2939 auctme
1180 2897 1295 2953 pango,
1319 2896 1395 2952 abac
1422 2895 1482 2966 ejas
1504 2897 1590 2968 panis
1607 2911 1667 2952 gum
1689 2896 1821 2965 ymas,

177 2964 345 3040 didicimus
362 2967 406 3027 ⁸1⁰
424 2967 569 3039 expletur.
595 2966 684 3026 P⁰ff0
705 2981 773 3027 cnm
799 2969 854 3028 iiia
879 2983 1033 3043 wiliulfi
1112 3005 1124 3034 a
1148 2983 1313 3059 Aliquando
1334 2999 1351 3041 a
1372 2998 1418 3043 me
1437 2991 1564 3043 remotus
1577 2982 1734 3054 habitabat,
1749 2999 1877 3062 cumque
1894 2987 1931 3046 ad

179 3054 377 3116 minimum
391 3056 690 3131 lloellilfflfifflfflfflllffl
702 3058 780 3133 apud
795 3073 849 3119 ¹¹⁰⁸
863 3057 1064 3159 ΐθέΰῑθῑὶῑθιῦ
1075 3084 1122 3128 me
1134 3068 1296 3145 ingressam
1311 3069 1500 3148 quibustuae
1515 3087 1545 3132 se
1559 3070 1628 3131 vitae
1646 3072 1759 3147 legibus
1770 3080 1867 3149 ageret
1882 3077 1929 3136 io·

177 3145 324 3222 expleam,
348 3145 447 3206 deoem
472 3152 571 3246 autem
595 3147 775 3222 psalmorum
801 3146 970 3220 modulatio,
999 3154 1033 3209 lli
1076 3157 1242 3232 quisissem,
1260 3160 1409 3236 respondit
1428 3177 1458 3220 se
1477 3161 1630 3221 carnaliter
1643 3162 1753 3232 rivere,
1771 3171 1800 3224 et
1818 3167 1931 3241 quintis

177 3234 421 3336 mergebatur
433 3242 486 3304 ost,
499 3234 698 3335 mutescopas
712 3235 854 3307 admittat,
872 3236 943 3295 eum
962 3251 1034 3295 cen·
1076 3262 1190 3323 sempe
1204 3249 1285 3308 ferris
1297 3265 1364 3309 cum
1378 3249 1538 3311 dominicis
1550 3250 1652 3311 erebus
1665 3268 1682 3310 a
1697 3250 1781 3312 sorte
1795 3269 1827 3313 se
1839 3255 1930 3315 assa-

177 3330 240 3384 tum
251 3330 465 3400 liulssllllflsslssli
490 3323 611 3400 psalmis
631 3331 762 3384 0⁰⁰⁸¹³f0
783 3326 953 3400 dffllietillffl
973 3340 1033 3384 1¹0ss
1077 3338 1186 3398 uentiae
1206 3336 1280 3396 492
1298 3341 1393 3415 rigore
1415 3339 1523 3400 laxare.
1550 3340 1719 3417 Requisitus
1740 3349 1840 3404 utrum
1859 3361 1933 3421 quo·

179 3411 501 3513 ⁸ffibiff¹lllbfl¹¹i¹¹ll¹¹⁶
524 3428 670 3474 infimum
693 3415 866 3489 bfflssilfsstia
888 3416 919 3474 51¹
943 3416 1034 3475 tntilli
1075 3426 1146 3487 libet
1161 3427 1321 3503 pulmento,
1342 3430 1406 3489 oris
1430 3429 1474 3488 vel
1501 3444 1583 3490 caseo
1603 3440 1776 3507 vesceretur,
1797 3436 1933 3510 negarim

179 3500 311 3602 Unelli
332 3501 493 3601 dlffcilffissd
515 3509 591 3602 Γθΰῐθ
617 3504 842 3579 θΰββΰῑδῦῐὶὓΰθ
871 3504 1031 3564 invenimi-
1075 3533 1188 3592 rursus,
1204 3519 1228 3578 si
1246 3518 1375 3594 piscibus
1393 3524 1443 3579 aut
1461 3519 1564 3593 pomis.
1585 3518 1690 3591 Pisces,
1713 3520 1763 3592 ait,
1785 3529 1814 3582 et
1834 3539 1933 3600 poma,

182 3589 238 3653 Sed
250 3605 455 3667 ⁸¹V0i1¹¹⁰l1¹⁸
465 3606 555 3650 ”⁰1⁸⁸
565 3591 663 3665 duffii,
677 3593 739 3653 ille
749 3594 854 3667 Viginti
864 3594 1032 3669 quinquies,
1075 3605 1101 3665 si
1122 3620 1180 3679 qua
1197 3612 1275 3677 runt,
1295 3607 1500 3680 aegrotantibus
1519 3608 1643 3682 prebeo,
1658 3623 1784 3684 quorum
1800 3624 1860 3670 nou
1877 3610 1935 3670 mi-

179 3676 250 3737 491
267 3685 385 3740 centum
400 3681 521 3740 faciunt·
537 3680 732 3757 Consequitur
752 3698 832 3757 etilo,
856 3685 963 3759 utqui
986 3684 1034 3742 vi·
1076 3692 1188 3752 nimam
1206 3692 1423 3754 multitudinem
1440 3695 1534 3771 jacere
1557 3695 1588 3754 in
1608 3694 1715 3755 nostris
1732 3696 1864 3770 partibus
1888 3699 1933 3757 iu·

179 3769 254 3844 glori
267 3769 403 3870 psalteria
426 3785 494 3829 cum
518 3770 672 3846 disciplina
687 3776 827 3844 decantat,
850 3780 969 3834 centum
983 3788 1034 3832 aa·
1075 3784 1212 3859 gemisco.
1235 3783 1366 3860 Cumque
1384 3785 1471 3845 illum
1493 3786 1585 3846 durus
1609 3794 1726 3847 exactor
1752 3788 1783 3846 ln
1810 3798 1935 3863 angusto

178 3874 286 3921 uorum
297 3861 540 3935 melundense
551 3860 696 3936 peregisse
709 3862 843 3921 confidat.
860 3863 1035 3938 Quanquam
1076 3873 1290 3943 concluderem,
1313 3873 1413 3935 dicens
1425 3900 1431 3934 :
1445 3875 1528 3934 Unde
1542 3889 1609 3950 ergo
1628 3875 1687 3935 illis
1705 3875 1808 3936 diebus
1828 3879 1934 3939 remis

180 3958 209 4011 et
231 3951 264 4011 iu
280 3952 335 4011 boc
349 3951 505 4029 plerosque
517 3958 617 4012 nostm
631 3951 802 4013 Dominicue
822 3960 949 4028 superet,
965 3954 1036 4029 quia
1076 3960 1137 4021 eius
1151 3960 1238 4033 viris,
1262 3962 1286 4020 si
1301 3962 1375 4021 nibil
1395 3979 1498 4024 eorum
1517 3964 1654 4036 comedis,
1676 3980 1743 4040 quae
1761 3981 1880 4026 neeesse
1898 3969 1935 4028 sit

183 4050 253 4101 eam
274 4040 412 4101 nonnulli
428 4056 517 4101 unam
534 4056 656 4102 manum
679 4041 710 4099 in
733 4041 896 4116 disciplinis
915 4042 1036 4117 agendis
1076 4049 1123 4108 uel
1145 4049 1262 4123 ignibus
1281 4050 1404 4127 decoqui
1422 4053 1467 4112 vel
1482 4053 1514 4112 in
1533 4052 1685 4112 arboribus
1703 4052 1852 4114 inveniri?
1875 4055 1934 4115 Re·

179 4131 432 4202 0¹0f00²11bi⁸ttb
457 4139 490 4190 ut
512 4147 613 4191 witta
640 4132 789 4207 Beniamin
817 4131 909 4204 filius,
936 4138 1036 4191 contra
1076 4139 1597 4216 sponditzdeuiculo,inquiens,cum
1607 4141 1933 4216 pauelibenterrescor.

180 4217 303 4278 rebelles
324 4220 419 4278 earnis
435 4220 720 4296 illecebrasutraque
735 4237 825 4281 manu
841 4221 1036 4295 infatigabili·
1075 4227 1144 4287 Mon
1159 4229 1299 4288 nimirum
1317 4231 1408 4305 perite
1422 4234 1543 4306 cognovi
1562 4248 1650 4308 quam
1670 4233 1822 4292 carnaliter
1845 4234 1934 4295 bomo

181 4314 226 4367 tcr
244 4317 366 4384 pugnat.
385 4310 574 4371 Haerentem
588 4316 707 4370 centum
722 4326 868 4370 annorum
890 4311 1035 4386 poeuiten·
1076 4320 1187 4379 viveret
1211 4321 1262 4395 qui
1287 4339 1355 4382 suas
1379 4322 1499 4383 delicias
1520 4325 1550 4382 in
1573 4322 1700 4383 feniculo
1726 4324 1933 4383 eonstituimet
2030 4378 2031 4385 ,

180 4398 263 4473 uam,
278 4406 312 4461 ut
323 4402 396 4461 mibi
411 4402 473 4477 ipse
486 4402 632 4478 professus
645 4410 696 4472 cst,
717 4403 799 4461 facile
813 4419 865 4463 sex
879 4402 982 4463 diebus
997 4419 1035 4463 ex
1079 4409 1172 4469 Habet
1186 4410 1272 4486 plane
1285 4410 1404 4470 uberem
1424 4412 1618 4487 lacrymarum
1632 4412 1764 4485 gratiam,
1779 4413 1830 4471 sed
1845 4412 1935 4472 atter.

181 4502 263 4549 more
285 4497 479 4551 consummat.
500 4491 621 4552 Memini
647 4506 763 4570 quoque
792 4493 860 4566 quia
883 4494 1035 4569 cujusdam
1078 4516 1158 4559 nam.
1183 4498 1256 4560 Cum
1282 4501 1361 4559 enim
1383 4501 1514 4560 reclusus
1536 4501 1591 4561 sub
1614 4500 1743 4560 districto
1763 4517 1794 4561 se
1818 4500 1937 4561 silentio

181 4579 415 4657 Quadragesimae
425 4582 605 4643 imminentis
619 4584 713 4654 initio,
730 4584 810 4644 mille
821 4584 1036 4658 ennosfmpcni
1079 4588 1229 4663 reprimit;
1247 4604 1325 4651 mon.
1348 4595 1381 4649 ut
1394 4588 1528 4662 soluerit,
1543 4589 1694 4649 affluenter
1709 4588 1829 4665 plangit.
1848 4592 1887 4649 At
1909 4590 1935 4650 si

182 4667 238 4728 sibi
251 4684 303 4744 per
317 4686 370 4730 nos
387 4669 422 4730 ad
437 4671 637 4746 penitentiam
651 4673 741 4748 petiit,
756 4689 829 4748 quos
846 4680 922 4733 certe
934 4687 1037 4731 omncs
1080 4676 1225 4754 colloquio
1246 4679 1461 4752 frequentetur,
1477 4678 1580 4737 fleturn
1600 4693 1631 4736 se
1649 4678 1780 4738 amisisse
1803 4694 1937 4754 conque-

182 4762 274 4821 ferme
287 4768 442 4838 antequam
453 4762 558 4837 jejunii
573 4769 687 4838 tempus
702 4764 921 4839 transigeretur,
935 4764 1036 4838 exple·
1080 4767 1164 4836 ritur,
1179 4782 1246 4825 uem
1262 4773 1289 4825 et
1304 4783 1357 4841 ego
1371 4765 1416 4825 illi
1432 4782 1509 4841 saepe
1527 4767 1681 4841 penuriam
1700 4783 1773 4826 meaa
1790 4767 1937 4828 ariditatis

183 4849 325 4922 sitibit).
342 4850 378 4910 Ει
391 4851 477 4926 paulo
491 4857 554 4926 post
566 4851 622 4912 boc
635 4859 803 4927 prosecutus
818 4868 893 4912 sum.
1079 4855 1253 4928 impropero,
1267 4854 1366 4913 diceus
1377 4878 1383 4913 :
1395 4853 1478 4914 chl
1495 4855 1628 4929 inquam,
1641 4852 1683 4912 nri
1695 4861 1782 4928 peter,
1799 4854 1864 4914 istae
1877 4861 1937 4915 tuae

219 4941 305 5003 Nunc
316 4941 352 5001 ad
362 4940 559 5013 Dominicum,
574 4940 610 5001 de
622 4956 681 5018 quo
693 4947 827 5015 ceperat,
839 4957 934 5002 sermo
944 4958 1038 5003 recur·
1080 4945 1217 5020 lacrymae
1228 4945 1393 5005 infecunde
1408 4950 1487 5017 sunt,
1504 4959 1570 5019 quas
1582 4942 1654 5003 alias
1667 4942 1776 5003 orando
1791 4942 1938 5020 lacrymas

183 5036 238 5093 rat.
262 5030 351 5092 Enim
373 5045 442 5092 rere
458 5045 525 5091 cum
541 5031 620 5091 bunc
629 5031 689 5105 jem
710 5036 739 5089 et
759 5030 882 5092 incurva
906 5037 1039 5093 senectus
1080 5050 1180 5110 parere
1191 5041 1349 5109 nequeunt.
1366 5031 1498 5106 Optarem
1511 5045 1647 5106 namque,
1662 5031 1741 5106 quod
1755 5046 1938 5108 musequcns

183 5120 335 5199 deprimat,
351 5128 381 5180 et
393 5120 503 5181 crebris
516 5121 638 5195 insuper
651 5136 728 5195 saepe
742 5120 931 5196 languoribus
944 5129 1041 5182 muta·
1080 5129 1132 5193 est,
1153 5122 1296 5182 nimirum
1315 5129 1347 5182 ut
1369 5122 1444 5182 siem
1461 5127 1493 5180 ιιι
1515 5119 1587 5179 ιιιιιιί
1607 5125 1687 5194 pater
1702 5134 1744 5191 es,
1763 5118 1804 5178 ita
1825 5119 1937 5180 nihile

215 5287 284 5356 (tlt)
314 5287 473 5340 unitorum
505 5284 648 5339 cuminam
681 5284 738 5338 reta
772 5284 921 5340 multorum
952 5296 1038 5338 anno-
1081 5282 1234 5336 madverttt.

186 5370 248 5413 nm
284 5358 441 5423 amelteatta
472 5366 507 5409 aa
538 5366 679 5409 sacrorum
711 5366 846 5409 maenum
879 5356 1040 5420 praecripto
1113 5353 1182 5419 (tlt)
1201 5352 1332 5407 bonnella
1348 5352 1487 5418 subiungit
1503 5352 1532 5404 tn
1559 5352 1618 5416 ipso
1638 5350 1772 5416 opusculo
1795 5350 1832 5405 ad
1853 5353 1936 5403 taen·

124 5470 135 5481 .
185 5431 302 5495 irrogent
327 5428 460 5489 debebat:
489 5439 556 5493 quaa
578 5437 674 5493 pteaaa
700 5424 751 5480 sibl
780 5427 849 5491 fpsla
873 5427 974 5493 imponi
995 5427 1041 5479 tla-
1084 5425 1147 5478 dnm
1169 5425 1302 5490 eiusmodi
1327 5422 1531 5489 disciplinarum
1556 5434 1647 5481 naum
1678 5433 1759 5487 quem
1785 5422 1812 5475 8.
1847 5418 1938 5479 Mb

188 5499 309 5568 girabant
339 5500 389 5554 riri
421 5500 463 5555 illi
489 5501 537 5565 pti,
564 5503 592 5551 et
616 5510 664 5552 eas
687 5500 861 5563 apameam
889 5498 1043 5563 disciplinis
1085 5498 1164 5551 mene
1178 5497 1313 5555 bodcttus
1329 5497 1398 5551 miro
1413 5494 1495 5555 modo
1511 5495 1656 5563 promovit.

188 5571 422 5643 tremendorum
462 5569 638 5635 redimebant,
673 5572 743 5625 siem
776 5570 946 5627 amornec
983 5570 1041 5624 aut·
1348 5608 1351 5611 -
