<?xml version="1.0" encoding="UTF-8"?>
<!DOCTYPE html PUBLIC "-//W3C//DTD XHTML 1.0 Transitional//EN"
    "http://www.w3.org/TR/xhtml1/DTD/xhtml1-transitional.dtd">
<html xmlns="http://www.w3.org/1999/xhtml" xml:lang="en" lang="en">
 <head>
  <title>
</title>
<meta http-equiv="Content-Type" content="text/html;charset=utf-8" />
  <meta name='ocr-system' content='tesseract 3.04.00' />
  <meta name='ocr-capabilities' content='ocr_page ocr_carea ocr_par ocr_line ocrx_word'/>
</head>
<body>
  <div class='ocr_page' id='page_1' title='image "./patrologiaecurs123unkngoog/patrologiaecurs123unkngoog_0447.png"; bbox 0 0 4100 6209; ppageno 0'>
   <div class='ocr_carea' id='block_1_1' title="bbox 74 333 1833 413">
    <p class='ocr_par' dir='ltr' id='par_1_1' title="bbox 74 333 1833 413">
     <span class='ocr_line' id='line_1_1' title="bbox 74 333 1833 413; baseline 0.004 -7"><span class='ocrx_word' id='word_1_1' title='bbox 74 342 127 406; x_wconf 82' lang='grc'>883</span> <span class='ocrx_word' id='word_1_2' title='bbox 385 341 417 403; x_wconf 84' lang='lat' dir='ltr'>S.</span> <span class='ocrx_word' id='word_1_3' title='bbox 435 339 548 402; x_wconf 81' lang='lat' dir='ltr'>PETRI</span> <span class='ocrx_word' id='word_1_4' title='bbox 565 334 728 399; x_wconf 77' lang='lat' dir='ltr'><strong>DAMIANI</strong></span> <span class='ocrx_word' id='word_1_5' title='bbox 746 333 825 396; x_wconf 79' lang='grc' dir='ltr'><strong>ΘΡΡ.</strong></span> <span class='ocrx_word' id='word_1_6' title='bbox 847 335 944 397; x_wconf 82' lang='lat' dir='ltr'>PARS</span> <span class='ocrx_word' id='word_1_7' title='bbox 961 335 1037 400; x_wconf 79' lang='lat' dir='ltr'>SEU</span> <span class='ocrx_word' id='word_1_8' title='bbox 1055 340 1182 406; x_wconf 80' lang='lat' dir='ltr'>&#39;I&#39;OMUS</span> <span class='ocrx_word' id='word_1_9' title='bbox 1201 344 1241 406; x_wconf 91' lang='lat' dir='ltr'>tt.</span> <span class='ocrx_word' id='word_1_10' title='bbox 1261 377 1295 392; x_wconf 91' lang='lat'><em>-</em></span> <span class='ocrx_word' id='word_1_11' title='bbox 1314 344 1525 408; x_wconf 77' lang='lat' dir='ltr'>sttuuouss</span> <span class='ocrx_word' id='word_1_12' title='bbox 1776 350 1833 413; x_wconf 76' lang='lat' dir='ltr'>tat</span> 
     </span>
    </p>
   </div>
   <div class='ocr_carea' id='block_1_2' title="bbox 74 458 1871 5724">
    <p class='ocr_par' dir='ltr' id='par_1_2' title="bbox 74 458 1871 5724">
     <span class='ocr_line' id='line_1_2' title="bbox 74 458 1834 544; baseline 0.004 -14"><span class='ocrx_word' id='word_1_13' title='bbox 74 469 193 532; x_wconf 88' lang='lat' dir='ltr'>iullrma</span> <span class='ocrx_word' id='word_1_14' title='bbox 206 472 304 528; x_wconf 88' lang='lat' dir='ltr'>nostra</span> <span class='ocrx_word' id='word_1_15' title='bbox 317 467 454 526; x_wconf 87' lang='lat' dir='ltr'>firmaret.</span> <span class='ocrx_word' id='word_1_16' title='bbox 470 465 513 523; x_wconf 82' lang='lat' dir='ltr'>Ad</span> <span class='ocrx_word' id='word_1_17' title='bbox 529 463 583 522; x_wconf 92' lang='lat' dir='ltr'>boc</span> <span class='ocrx_word' id='word_1_18' title='bbox 596 461 648 521; x_wconf 86' lang='lat' dir='ltr'>Dei</span> <span class='ocrx_word' id='word_1_19' title='bbox 661 458 824 521; x_wconf 88' lang='lat' dir='ltr'>sublimitas</span> <span class='ocrx_word' id='word_1_20' title='bbox 843 460 929 519; x_wconf 91' lang='lat' dir='ltr'>incli·</span> <span class='ocrx_word' id='word_1_21' title='bbox 943 464 1051 537; x_wconf 80' lang='lat' dir='ltr'>Aquod</span> <span class='ocrx_word' id='word_1_22' title='bbox 1087 467 1157 526; x_wconf 88' lang='lat' dir='ltr'>foris</span> <span class='ocrx_word' id='word_1_23' title='bbox 1189 473 1232 528; x_wconf 90' lang='lat' dir='ltr'>est</span> <span class='ocrx_word' id='word_1_24' title='bbox 1266 468 1400 529; x_wconf 88' lang='lat' dir='ltr'>defendat</span> <span class='ocrx_word' id='word_1_25' title='bbox 1429 467 1518 528; x_wconf 90' lang='lat' dir='ltr'>molle</span> <span class='ocrx_word' id='word_1_26' title='bbox 1548 470 1626 544; x_wconf 87' lang='lat' dir='ltr'>quod</span> <span class='ocrx_word' id='word_1_27' title='bbox 1663 473 1745 533; x_wconf 88' lang='lat' dir='ltr'>intus</span> <span class='ocrx_word' id='word_1_28' title='bbox 1778 483 1834 537; x_wconf 87' lang='grc' dir='ltr'>εει.</span> 
     </span>
     <span class='ocr_line' id='line_1_3' title="bbox 75 551 1835 639; baseline 0.005 -21"><span class='ocrx_word' id='word_1_29' title='bbox 75 551 931 632; x_wconf 79' lang='lat' dir='ltr'>nataestutdeJ&#39;ectoserigcret.Adbocvitamoridignata</span> <span class='ocrx_word' id='word_1_30' title='bbox 1010 555 1184 632; x_wconf 83' lang='lat' dir='ltr'>Redemptor</span> <span class='ocrx_word' id='word_1_31' title='bbox 1213 567 1317 631; x_wconf 88' lang='lat' dir='ltr'>noster,</span> <span class='ocrx_word' id='word_1_32' title='bbox 1344 575 1412 619; x_wconf 92' lang='lat' dir='ltr'>cum</span> <span class='ocrx_word' id='word_1_33' title='bbox 1441 559 1529 633; x_wconf 88' lang='lat' dir='ltr'>bajus</span> <span class='ocrx_word' id='word_1_34' title='bbox 1556 561 1661 621; x_wconf 88' lang='lat' dir='ltr'>mundi</span> <span class='ocrx_word' id='word_1_35' title='bbox 1695 580 1835 639; x_wconf 77' lang='lat' dir='ltr'>campum</span> 
     </span>
     <span class='ocr_line' id='line_1_4' title="bbox 75 642 1836 722; baseline 0.004 -12"><span class='ocrx_word' id='word_1_36' title='bbox 75 654 118 710; x_wconf 88' lang='grc' dir='ltr'>εει</span> <span class='ocrx_word' id='word_1_37' title='bbox 133 656 167 709; x_wconf 89' lang='lat' dir='ltr'>ut</span> <span class='ocrx_word' id='word_1_38' title='bbox 180 650 282 710; x_wconf 90' lang='lat' dir='ltr'>mortis</span> <span class='ocrx_word' id='word_1_39' title='bbox 295 646 451 722; x_wconf 88' lang='lat' dir='ltr'>imperium</span> <span class='ocrx_word' id='word_1_40' title='bbox 465 645 626 712; x_wconf 83' lang='lat' dir='ltr'>destruens,</span> <span class='ocrx_word' id='word_1_41' title='bbox 642 642 676 701; x_wconf 91' lang='lat' dir='ltr'>ad</span> <span class='ocrx_word' id='word_1_42' title='bbox 698 643 788 702; x_wconf 86' lang='lat' dir='ltr'>vitam</span> <span class='ocrx_word' id='word_1_43' title='bbox 803 647 932 703; x_wconf 88' lang='lat' dir='ltr'>mortuos</span> <span class='ocrx_word' id='word_1_44' title='bbox 973 653 1156 718; x_wconf 80' lang='lat' dir='ltr'>pugnaturus</span> <span class='ocrx_word' id='word_1_45' title='bbox 1169 647 1342 722; x_wconf 75' lang='lat' dir='ltr'>ingreditur,</span> <span class='ocrx_word' id='word_1_46' title='bbox 1357 649 1472 709; x_wconf 87' lang='lat' dir='ltr'>eumad</span> <span class='ocrx_word' id='word_1_47' title='bbox 1488 648 1675 711; x_wconf 88' lang='lat' dir='ltr'>debellandas</span> <span class='ocrx_word' id='word_1_48' title='bbox 1691 656 1768 713; x_wconf 89' lang='lat' dir='ltr'>aeris</span> <span class='ocrx_word' id='word_1_49' title='bbox 1781 656 1836 717; x_wconf 91' lang='lat' dir='ltr'>bu·</span> 
     </span>
     <span class='ocr_line' id='line_1_5' title="bbox 77 730 1835 814; baseline 0.004 -17"><span class='ocrx_word' id='word_1_50' title='bbox 77 747 232 799; x_wconf 86' lang='lat' dir='ltr'>revocarat.</span> <span class='ocrx_word' id='word_1_51' title='bbox 260 737 342 807; x_wconf 82' lang='lat' dir='ltr'>Quod</span> <span class='ocrx_word' id='word_1_52' title='bbox 370 735 510 794; x_wconf 87' lang='lat' dir='ltr'>nimirum</span> <span class='ocrx_word' id='word_1_53' title='bbox 537 733 625 792; x_wconf 89' lang='lat' dir='ltr'>etiarn</span> <span class='ocrx_word' id='word_1_54' title='bbox 665 732 696 791; x_wconf 93' lang='lat' dir='ltr'>in</span> <span class='ocrx_word' id='word_1_55' title='bbox 731 732 793 806; x_wconf 86' lang='lat' dir='ltr'>ipso</span> <span class='ocrx_word' id='word_1_56' title='bbox 820 732 933 808; x_wconf 77' lang='lat' dir='ltr'>generis</span> <span class='ocrx_word' id='word_1_57' title='bbox 972 730 1022 803; x_wconf 85' lang='lat' dir='ltr'>J‘us</span> <span class='ocrx_word' id='word_1_58' title='bbox 1044 734 1190 807; x_wconf 77' lang='lat' dir='ltr'><strong>nequitias</strong></span> <span class='ocrx_word' id='word_1_59' title='bbox 1210 735 1289 795; x_wconf 84' lang='lat' dir='ltr'>tortis</span> <span class='ocrx_word' id='word_1_60' title='bbox 1308 737 1455 810; x_wconf 84' lang='lat' dir='ltr'>praeliator</span> <span class='ocrx_word' id='word_1_61' title='bbox 1472 744 1612 807; x_wconf 87' lang='lat' dir='ltr'>armatur,</span> <span class='ocrx_word' id='word_1_62' title='bbox 1628 739 1698 814; x_wconf 83' lang='lat' dir='ltr'>quia</span> <span class='ocrx_word' id='word_1_63' title='bbox 1722 757 1835 804; x_wconf 83' lang='lat' dir='ltr'>norum</span> 
     </span>
     <span class='ocr_line' id='line_1_6' title="bbox 77 818 1835 906; baseline 0.003 -20"><span class='ocrx_word' id='word_1_64' title='bbox 77 827 200 886; x_wconf 89' lang='lat' dir='ltr'>humani</span> <span class='ocrx_word' id='word_1_65' title='bbox 235 825 395 885; x_wconf 78' lang='lat' dir='ltr'>declaratur</span> <span class='ocrx_word' id='word_1_66' title='bbox 429 821 559 882; x_wconf 84' lang='lat' dir='ltr'>exordio.</span> <span class='ocrx_word' id='word_1_67' title='bbox 576 819 721 895; x_wconf 81' lang='lat' dir='ltr'>Scriptum</span> <span class='ocrx_word' id='word_1_68' title='bbox 747 828 791 880; x_wconf 91' lang='lat' dir='ltr'>est</span> <span class='ocrx_word' id='word_1_69' title='bbox 813 821 892 880; x_wconf 89' lang='lat' dir='ltr'>enim</span> <span class='ocrx_word' id='word_1_70' title='bbox 925 838 930 878; x_wconf 96' lang='lat'><strong>:</strong></span> <span class='ocrx_word' id='word_1_71' title='bbox 976 819 1097 879; x_wconf 90' lang='lat' dir='ltr'>debebat</span> <span class='ocrx_word' id='word_1_72' title='bbox 1126 823 1269 883; x_wconf 88' lang='lat' dir='ltr'>instruere</span> <span class='ocrx_word' id='word_1_73' title='bbox 1296 818 1452 898; x_wconf 66' lang='lat' dir='ltr'>praelium,</span> <span class='ocrx_word' id='word_1_74' title='bbox 1476 840 1586 885; x_wconf 90' lang='lat' dir='ltr'>novum</span> <span class='ocrx_word' id='word_1_75' title='bbox 1612 827 1710 887; x_wconf 91' lang='lat' dir='ltr'>induit</span> <span class='ocrx_word' id='word_1_76' title='bbox 1737 847 1835 906; x_wconf 85' lang='lat' dir='ltr'>genus</span> 
     </span>
     <span class='ocr_line' id='line_1_7' title="bbox 79 909 1833 994; baseline 0.007 -26"><span class='ocrx_word' id='word_1_77' title='bbox 79 940 93 968; x_wconf 69' lang='grc' dir='ltr'>ι</span> <span class='ocrx_word' id='word_1_78' title='bbox 107 915 180 987; x_wconf 86' lang='lat' dir='ltr'>Quia</span> <span class='ocrx_word' id='word_1_79' title='bbox 195 915 316 974; x_wconf 83' lang='lat' dir='ltr'>immisit</span> <span class='ocrx_word' id='word_1_80' title='bbox 328 913 469 973; x_wconf 87' lang='lat' dir='ltr'>Dominus</span> <span class='ocrx_word' id='word_1_81' title='bbox 483 926 614 986; x_wconf 90' lang='lat' dir='ltr'>soporem</span> <span class='ocrx_word' id='word_1_82' title='bbox 629 910 658 968; x_wconf 93' lang='lat' dir='ltr'>in</span> <span class='ocrx_word' id='word_1_83' title='bbox 673 909 782 983; x_wconf 71' lang='lat' dir='ltr'>Adam,</span> <span class='ocrx_word' id='word_1_84' title='bbox 805 926 932 985; x_wconf 80' lang='lat' dir='ltr'>cumque</span> <span class='ocrx_word' id='word_1_85' title='bbox 974 925 1133 981; x_wconf 87' lang='lat' dir='ltr'>armornm,</span> <span class='ocrx_word' id='word_1_86' title='bbox 1146 913 1280 973; x_wconf 78' lang='lat' dir='ltr'>videlicet</span> <span class='ocrx_word' id='word_1_87' title='bbox 1294 922 1327 974; x_wconf 93' lang='lat' dir='ltr'>ut</span> <span class='ocrx_word' id='word_1_88' title='bbox 1342 915 1419 990; x_wconf 81' lang='lat' dir='ltr'>qnod</span> <span class='ocrx_word' id='word_1_89' title='bbox 1431 916 1583 976; x_wconf 88' lang='lat' dir='ltr'>infirmum</span> <span class='ocrx_word' id='word_1_90' title='bbox 1593 924 1636 976; x_wconf 89' lang='lat' dir='ltr'>cst</span> <span class='ocrx_word' id='word_1_91' title='bbox 1652 935 1833 994; x_wconf 89' lang='lat' dir='ltr'>superpone·</span> 
     </span>
     <span class='ocr_line' id='line_1_8' title="bbox 77 999 1833 1084; baseline 0.002 -18"><span class='ocrx_word' id='word_1_92' title='bbox 77 1005 277 1075; x_wconf 81' lang='lat' dir='ltr'>obdormisset,</span> <span class='ocrx_word' id='word_1_93' title='bbox 293 1003 359 1063; x_wconf 91' lang='lat' dir='ltr'>tulit</span> <span class='ocrx_word' id='word_1_94' title='bbox 386 1018 475 1062; x_wconf 90' lang='lat' dir='ltr'>unarn</span> <span class='ocrx_word' id='word_1_95' title='bbox 499 1001 535 1060; x_wconf 92' lang='lat' dir='ltr'>de</span> <span class='ocrx_word' id='word_1_96' title='bbox 560 1000 646 1059; x_wconf 89' lang='lat' dir='ltr'>costis</span> <span class='ocrx_word' id='word_1_97' title='bbox 671 999 744 1072; x_wconf 84' lang='lat' dir='ltr'>ejus,</span> <span class='ocrx_word' id='word_1_98' title='bbox 758 1007 786 1059; x_wconf 92' lang='lat' dir='ltr'>et</span> <span class='ocrx_word' id='word_1_99' title='bbox 811 1000 932 1074; x_wconf 87' lang='lat' dir='ltr'>replevit</span> <span class='ocrx_word' id='word_1_100' title='bbox 976 1004 1164 1075; x_wconf 72' lang='lat' dir='ltr'>satamon</span> <span class='ocrx_word' id='word_1_101' title='bbox 1187 1003 1338 1064; x_wconf 87' lang='lat' dir='ltr'>robustum</span> <span class='ocrx_word' id='word_1_102' title='bbox 1357 1009 1400 1063; x_wconf 89' lang='lat' dir='ltr'>est</span> <span class='ocrx_word' id='word_1_103' title='bbox 1418 1006 1587 1076; x_wconf 82' lang='lat' dir='ltr'>occultaret,</span> <span class='ocrx_word' id='word_1_104' title='bbox 1603 1006 1722 1067; x_wconf 87' lang='lat' dir='ltr'>loricam</span> <span class='ocrx_word' id='word_1_105' title='bbox 1739 1008 1833 1084; x_wconf 81' lang='lat' dir='ltr'>siqui·</span> 
     </span>
     <span class='ocr_line' id='line_1_9' title="bbox 76 1088 1834 1170; baseline 0 -11"><span class='ocrx_word' id='word_1_106' title='bbox 76 1113 193 1159; x_wconf 82' lang='lat' dir='ltr'>carnem</span> <span class='ocrx_word' id='word_1_107' title='bbox 206 1111 257 1170; x_wconf 90' lang='lat' dir='ltr'>pro</span> <span class='ocrx_word' id='word_1_108' title='bbox 271 1111 313 1167; x_wconf 90' lang='lat' dir='ltr'>ea,</span> <span class='ocrx_word' id='word_1_109' title='bbox 334 1101 362 1154; x_wconf 90' lang='lat' dir='ltr'>et</span> <span class='ocrx_word' id='word_1_110' title='bbox 379 1092 566 1154; x_wconf 84' lang='lat' dir='ltr'>reaedillcarit</span> <span class='ocrx_word' id='word_1_111' title='bbox 580 1099 698 1162; x_wconf 88' lang='lat' dir='ltr'>costam,</span> <span class='ocrx_word' id='word_1_112' title='bbox 715 1107 803 1167; x_wconf 81' lang='lat' dir='ltr'>quam</span> <span class='ocrx_word' id='word_1_113' title='bbox 826 1092 932 1151; x_wconf 85' lang='lat' dir='ltr'>tulerat</span> <span class='ocrx_word' id='word_1_114' title='bbox 975 1088 1041 1147; x_wconf 88' lang='lat' dir='ltr'>dem</span> <span class='ocrx_word' id='word_1_115' title='bbox 1065 1090 1219 1150; x_wconf 74' lang='lat' dir='ltr'>imbecillae</span> <span class='ocrx_word' id='word_1_116' title='bbox 1238 1094 1335 1152; x_wconf 91' lang='lat' dir='ltr'>carnis</span> <span class='ocrx_word' id='word_1_117' title='bbox 1352 1093 1447 1153; x_wconf 89' lang='lat' dir='ltr'>induit</span> <span class='ocrx_word' id='word_1_118' title='bbox 1465 1100 1494 1153; x_wconf 90' lang='lat' dir='ltr'>et</span> <span class='ocrx_word' id='word_1_119' title='bbox 1510 1094 1739 1168; x_wconf 83' lang='lat' dir='ltr'>insuperabilem</span> <span class='ocrx_word' id='word_1_120' title='bbox 1759 1099 1834 1159; x_wconf 86' lang='lat' dir='ltr'>divi·</span> 
     </span>
     <span class='ocr_line' id='line_1_10' title="bbox 78 1177 1835 1261; baseline 0.002 -14"><span class='ocrx_word' id='word_1_121' title='bbox 78 1187 221 1247; x_wconf 88' lang='lat' dir='ltr'>Dominus</span> <span class='ocrx_word' id='word_1_122' title='bbox 259 1185 295 1243; x_wconf 92' lang='lat' dir='ltr'>de</span> <span class='ocrx_word' id='word_1_123' title='bbox 325 1184 419 1243; x_wconf 88' lang='lat' dir='ltr'>Adam</span> <span class='ocrx_word' id='word_1_124' title='bbox 455 1183 487 1241; x_wconf 93' lang='lat' dir='ltr'>in</span> <span class='ocrx_word' id='word_1_125' title='bbox 525 1181 679 1241; x_wconf 87' lang='lat' dir='ltr'>mulierem</span> <span class='ocrx_word' id='word_1_126' title='bbox 715 1183 803 1252; x_wconf 81' lang='lat' dir='ltr'>(Gen.</span> <span class='ocrx_word' id='word_1_127' title='bbox 831 1185 884 1252; x_wconf 90' lang='lat' dir='ltr'>tt).</span> <span class='ocrx_word' id='word_1_128' title='bbox 918 1203 931 1234; x_wconf 80' lang='grc' dir='ltr'>ε</span> <span class='ocrx_word' id='word_1_129' title='bbox 976 1177 1075 1236; x_wconf 90' lang='lat' dir='ltr'>nitatis</span> <span class='ocrx_word' id='word_1_130' title='bbox 1097 1180 1298 1241; x_wconf 89' lang='lat' dir='ltr'>fortitudinem</span> <span class='ocrx_word' id='word_1_131' title='bbox 1321 1184 1484 1244; x_wconf 83' lang='lat' dir='ltr'>occultavit.</span> <span class='ocrx_word' id='word_1_132' title='bbox 1507 1183 1554 1245; x_wconf 91' lang='lat' dir='ltr'>Sic</span> <span class='ocrx_word' id='word_1_133' title='bbox 1576 1186 1618 1245; x_wconf 89' lang='lat' dir='ltr'>sic</span> <span class='ocrx_word' id='word_1_134' title='bbox 1643 1202 1696 1261; x_wconf 89' lang='grc' dir='ltr'>ρετ</span> <span class='ocrx_word' id='word_1_135' title='bbox 1715 1205 1835 1249; x_wconf 85' lang='lat' dir='ltr'>carnem</span> 
     </span>
     <span class='ocr_line' id='line_1_11' title="bbox 79 1265 1836 1350; baseline 0.002 -17"><span class='ocrx_word' id='word_1_136' title='bbox 79 1273 175 1347; x_wconf 87' lang='lat' dir='ltr'>Super</span> <span class='ocrx_word' id='word_1_137' title='bbox 190 1288 249 1348; x_wconf 89' lang='lat' dir='ltr'>quo</span> <span class='ocrx_word' id='word_1_138' title='bbox 262 1287 330 1331; x_wconf 91' lang='lat' dir='ltr'>cum</span> <span class='ocrx_word' id='word_1_139' title='bbox 344 1269 511 1346; x_wconf 88' lang='lat' dir='ltr'>loqueretur</span> <span class='ocrx_word' id='word_1_140' title='bbox 526 1268 689 1342; x_wconf 84' lang='lat' dir='ltr'>Apostolus,</span> <span class='ocrx_word' id='word_1_141' title='bbox 706 1265 806 1327; x_wconf 89' lang='lat' dir='ltr'>dicens</span> <span class='ocrx_word' id='word_1_142' title='bbox 822 1287 828 1327; x_wconf 95' lang='lat'><strong>:</strong></span> <span class='ocrx_word' id='word_1_143' title='bbox 846 1292 859 1319; x_wconf 71' lang='grc' dir='ltr'>ε</span> <span class='ocrx_word' id='word_1_144' title='bbox 875 1267 933 1327; x_wconf 82' lang='lat' dir='ltr'>ltc-</span> <span class='ocrx_word' id='word_1_145' title='bbox 977 1266 1111 1327; x_wconf 88' lang='lat' dir='ltr'>diabolus</span> <span class='ocrx_word' id='word_1_146' title='bbox 1125 1284 1142 1327; x_wconf 93' lang='lat' dir='ltr'>a</span> <span class='ocrx_word' id='word_1_147' title='bbox 1156 1271 1283 1330; x_wconf 90' lang='lat' dir='ltr'>secundo</span> <span class='ocrx_word' id='word_1_148' title='bbox 1299 1272 1416 1332; x_wconf 89' lang='lat' dir='ltr'>bomine</span> <span class='ocrx_word' id='word_1_149' title='bbox 1435 1273 1561 1348; x_wconf 86' lang='lat' dir='ltr'>perdidit</span> <span class='ocrx_word' id='word_1_150' title='bbox 1574 1275 1625 1350; x_wconf 82' lang='lat' dir='ltr'>qui</span> <span class='ocrx_word' id='word_1_151' title='bbox 1645 1292 1698 1350; x_wconf 91' lang='lat' dir='ltr'>per</span> <span class='ocrx_word' id='word_1_152' title='bbox 1715 1293 1836 1337; x_wconf 77' lang='lat' dir='ltr'>tarnem</span> 
     </span>
     <span class='ocr_line' id='line_1_12' title="bbox 78 1355 1835 1441; baseline 0.003 -21"><span class='ocrx_word' id='word_1_153' title='bbox 78 1361 191 1438; x_wconf 87' lang='lat' dir='ltr'>linquet</span> <span class='ocrx_word' id='word_1_154' title='bbox 210 1362 296 1422; x_wconf 89' lang='lat' dir='ltr'>bomo</span> <span class='ocrx_word' id='word_1_155' title='bbox 310 1368 420 1432; x_wconf 84' lang='lat' dir='ltr'>patrem</span> <span class='ocrx_word' id='word_1_156' title='bbox 435 1367 463 1417; x_wconf 90' lang='lat' dir='ltr'>et</span> <span class='ocrx_word' id='word_1_157' title='bbox 482 1364 603 1416; x_wconf 88' lang='lat' dir='ltr'>matrem</span> <span class='ocrx_word' id='word_1_158' title='bbox 619 1370 712 1427; x_wconf 89' lang='lat' dir='ltr'>suam,</span> <span class='ocrx_word' id='word_1_159' title='bbox 728 1364 757 1414; x_wconf 91' lang='lat' dir='ltr'>et</span> <span class='ocrx_word' id='word_1_160' title='bbox 773 1355 934 1416; x_wconf 73' lang='lat' dir='ltr'>adhaerebit</span> <span class='ocrx_word' id='word_1_161' title='bbox 976 1357 1088 1416; x_wconf 89' lang='lat' dir='ltr'>dudum</span> <span class='ocrx_word' id='word_1_162' title='bbox 1115 1359 1241 1433; x_wconf 90' lang='lat' dir='ltr'>primum</span> <span class='ocrx_word' id='word_1_163' title='bbox 1260 1361 1410 1421; x_wconf 89' lang='lat' dir='ltr'>bominem</span> <span class='ocrx_word' id='word_1_164' title='bbox 1424 1363 1580 1438; x_wconf 87' lang='lat' dir='ltr'>superarit,</span> <span class='ocrx_word' id='word_1_165' title='bbox 1598 1364 1758 1441; x_wconf 79' lang='lat' dir='ltr'>eademqne</span> <span class='ocrx_word' id='word_1_166' title='bbox 1777 1365 1835 1426; x_wconf 91' lang='lat' dir='ltr'>sibi</span> 
     </span>
     <span class='ocr_line' id='line_1_13' title="bbox 78 1447 1836 1527; baseline 0.002 -15"><span class='ocrx_word' id='word_1_167' title='bbox 78 1452 166 1512; x_wconf 84' lang='lat' dir='ltr'>uxori</span> <span class='ocrx_word' id='word_1_168' title='bbox 190 1467 263 1523; x_wconf 72' lang='lat' dir='ltr'>suaa,</span> <span class='ocrx_word' id='word_1_169' title='bbox 291 1457 320 1510; x_wconf 90' lang='lat' dir='ltr'>et</span> <span class='ocrx_word' id='word_1_170' title='bbox 348 1456 435 1508; x_wconf 91' lang='lat' dir='ltr'>erunt</span> <span class='ocrx_word' id='word_1_171' title='bbox 459 1447 518 1506; x_wconf 92' lang='lat' dir='ltr'>duo</span> <span class='ocrx_word' id='word_1_172' title='bbox 547 1447 578 1504; x_wconf 95' lang='lat' dir='ltr'>in</span> <span class='ocrx_word' id='word_1_173' title='bbox 606 1461 692 1505; x_wconf 86' lang='lat' dir='ltr'>carne</span> <span class='ocrx_word' id='word_1_174' title='bbox 720 1461 780 1504; x_wconf 92' lang='lat' dir='ltr'>nna</span> <span class='ocrx_word' id='word_1_175' title='bbox 794 1463 832 1516; x_wconf 79' lang='lat'>3»</span> <span class='ocrx_word' id='word_1_176' title='bbox 856 1459 933 1519; x_wconf 84' lang='lat' dir='ltr'>praa·</span> <span class='ocrx_word' id='word_1_177' title='bbox 978 1463 1057 1505; x_wconf 93' lang='lat' dir='ltr'>nnnc</span> <span class='ocrx_word' id='word_1_178' title='bbox 1078 1448 1172 1507; x_wconf 82' lang='lat' dir='ltr'>ruinae</span> <span class='ocrx_word' id='word_1_179' title='bbox 1191 1449 1265 1508; x_wconf 84' lang='lat' dir='ltr'>facta</span> <span class='ocrx_word' id='word_1_180' title='bbox 1283 1456 1326 1510; x_wconf 89' lang='lat' dir='ltr'>est</span> <span class='ocrx_word' id='word_1_181' title='bbox 1343 1467 1430 1511; x_wconf 90' lang='lat' dir='ltr'>causa</span> <span class='ocrx_word' id='word_1_182' title='bbox 1450 1467 1517 1527; x_wconf 82' lang='lat' dir='ltr'>qnae</span> <span class='ocrx_word' id='word_1_183' title='bbox 1536 1453 1666 1515; x_wconf 79' lang='lat' dir='ltr'>victoriae</span> <span class='ocrx_word' id='word_1_184' title='bbox 1684 1455 1780 1516; x_wconf 82' lang='lat' dir='ltr'>fuerat</span> <span class='ocrx_word' id='word_1_185' title='bbox 1798 1455 1836 1516; x_wconf 90' lang='lat' dir='ltr'>de</span> 
     </span>
     <span class='ocr_line' id='line_1_14' title="bbox 79 1535 1346 1614; baseline -0.003 -13"><span class='ocrx_word' id='word_1_186' title='bbox 79 1547 123 1601; x_wconf 87' lang='lat' dir='ltr'>sto</span> <span class='ocrx_word' id='word_1_187' title='bbox 152 1539 309 1614; x_wconf 84' lang='lat' dir='ltr'>subjunxit</span> <span class='ocrx_word' id='word_1_188' title='bbox 330 1555 337 1594; x_wconf 78' lang='grc' dir='ltr'>ε</span> <span class='ocrx_word' id='word_1_189' title='bbox 360 1559 374 1593; x_wconf 82' lang='grc' dir='ltr'>ε</span> <span class='ocrx_word' id='word_1_190' title='bbox 398 1535 615 1597; x_wconf 84' lang='lat' dir='ltr'>Sacramentum</span> <span class='ocrx_word' id='word_1_191' title='bbox 638 1535 693 1593; x_wconf 95' lang='lat' dir='ltr'>boc</span> <span class='ocrx_word' id='word_1_192' title='bbox 716 1549 854 1608; x_wconf 84' lang='lat' dir='ltr'>magnum</span> <span class='ocrx_word' id='word_1_193' title='bbox 880 1542 932 1593; x_wconf 88' lang='lat' dir='ltr'>eet.</span> <span class='ocrx_word' id='word_1_194' title='bbox 977 1535 1072 1611; x_wconf 88' lang='lat' dir='ltr'>prinro</span> <span class='ocrx_word' id='word_1_195' title='bbox 1087 1543 1203 1610; x_wconf 89' lang='lat' dir='ltr'>parente</span> <span class='ocrx_word' id='word_1_196' title='bbox 1217 1538 1346 1598; x_wconf 87' lang='lat' dir='ltr'>materia.</span> 
     </span>
     <span class='ocr_line' id='line_1_15' title="bbox 78 1623 1837 1713; baseline 0.006 -24"><span class='ocrx_word' id='word_1_197' title='bbox 78 1630 140 1706; x_wconf 79' lang='lat' dir='ltr'>Ego</span> <span class='ocrx_word' id='word_1_198' title='bbox 155 1634 252 1688; x_wconf 86' lang='lat' dir='ltr'>antem</span> <span class='ocrx_word' id='word_1_199' title='bbox 265 1628 329 1687; x_wconf 87' lang='lat' dir='ltr'>dico</span> <span class='ocrx_word' id='word_1_200' title='bbox 342 1624 537 1686; x_wconf 82' lang='lat' dir='ltr'>ianristoct</span> <span class='ocrx_word' id='word_1_201' title='bbox 551 1626 582 1683; x_wconf 94' lang='lat' dir='ltr'>in</span> <span class='ocrx_word' id='word_1_202' title='bbox 599 1623 725 1683; x_wconf 81' lang='lat' dir='ltr'>Ecclesia</span> <span class='ocrx_word' id='word_1_203' title='bbox 738 1626 845 1696; x_wconf 75' lang='lat' dir='ltr'>[Epioe.</span> <span class='ocrx_word' id='word_1_204' title='bbox 861 1623 933 1696; x_wconf 75' lang='lat' dir='ltr'>vl.»</span> <span class='ocrx_word' id='word_1_205' title='bbox 1014 1627 1075 1687; x_wconf 89' lang='lat' dir='ltr'>Hoc</span> <span class='ocrx_word' id='word_1_206' title='bbox 1093 1646 1145 1703; x_wconf 98' lang='grc' dir='ltr'>ρετ</span> <span class='ocrx_word' id='word_1_207' title='bbox 1162 1631 1309 1707; x_wconf 77' lang='lat' dir='ltr'>allegorias</span> <span class='ocrx_word' id='word_1_208' title='bbox 1329 1634 1500 1709; x_wconf 80' lang='lat' dir='ltr'>mysterium</span> <span class='ocrx_word' id='word_1_209' title='bbox 1521 1651 1567 1695; x_wconf 86' lang='lat' dir='ltr'>res</span> <span class='ocrx_word' id='word_1_210' title='bbox 1588 1636 1640 1696; x_wconf 90' lang='lat' dir='ltr'>illa</span> <span class='ocrx_word' id='word_1_211' title='bbox 1656 1641 1837 1713; x_wconf 83' lang='lat' dir='ltr'>praemonnit</span> 
     </span>
     <span class='ocr_line' id='line_1_16' title="bbox 81 1712 1839 1808; baseline 0.006 -30"><span class='ocrx_word' id='word_1_212' title='bbox 81 1718 116 1778; x_wconf 80' lang='lat' dir='ltr'>Et</span> <span class='ocrx_word' id='word_1_213' title='bbox 142 1732 208 1776; x_wconf 87' lang='lat' dir='ltr'>rere</span> <span class='ocrx_word' id='word_1_214' title='bbox 237 1731 351 1790; x_wconf 80' lang='lat' dir='ltr'>maguae</span> <span class='ocrx_word' id='word_1_215' title='bbox 374 1714 490 1774; x_wconf 74' lang='lat' dir='ltr'>virtutis</span> <span class='ocrx_word' id='word_1_216' title='bbox 516 1713 670 1782; x_wconf 89' lang='lat' dir='ltr'>indicium,</span> <span class='ocrx_word' id='word_1_217' title='bbox 700 1712 841 1771; x_wconf 72' lang='lat' dir='ltr'>mirssssdae</span> <span class='ocrx_word' id='word_1_218' title='bbox 868 1725 935 1785; x_wconf 77' lang='lat' dir='ltr'>ltro·</span> <span class='ocrx_word' id='word_1_219' title='bbox 978 1718 1055 1793; x_wconf 81' lang='lat' dir='ltr'>quod</span> <span class='ocrx_word' id='word_1_220' title='bbox 1077 1719 1168 1780; x_wconf 81' lang='lat' dir='ltr'>David</span> <span class='ocrx_word' id='word_1_221' title='bbox 1184 1737 1201 1779; x_wconf 90' lang='lat' dir='ltr'>a</span> <span class='ocrx_word' id='word_1_222' title='bbox 1220 1722 1291 1782; x_wconf 87' lang='lat' dir='ltr'>facie</span> <span class='ocrx_word' id='word_1_223' title='bbox 1306 1725 1383 1798; x_wconf 84' lang='lat' dir='ltr'>regis</span> <span class='ocrx_word' id='word_1_224' title='bbox 1403 1723 1474 1785; x_wconf 89' lang='lat' dir='ltr'>Saul</span> <span class='ocrx_word' id='word_1_225' title='bbox 1499 1726 1616 1808; x_wconf 61' lang='lat' dir='ltr'>tumens</span> <span class='ocrx_word' id='word_1_226' title='bbox 1632 1727 1663 1787; x_wconf 91' lang='lat' dir='ltr'>in</span> <span class='ocrx_word' id='word_1_227' title='bbox 1681 1730 1839 1804; x_wconf 75' lang='lat' dir='ltr'>praesentia</span> 
     </span>
     <span class='ocr_line' id='line_1_17' title="bbox 80 1799 1846 1885; baseline 0.007 -20"><span class='ocrx_word' id='word_1_228' title='bbox 80 1806 232 1866; x_wconf 84' lang='lat' dir='ltr'>funditatis</span> <span class='ocrx_word' id='word_1_229' title='bbox 256 1813 299 1865; x_wconf 91' lang='lat' dir='ltr'>est</span> <span class='ocrx_word' id='word_1_230' title='bbox 327 1810 549 1864; x_wconf 87' lang='lat' dir='ltr'>sacramentum.</span> <span class='ocrx_word' id='word_1_231' title='bbox 580 1801 633 1861; x_wconf 90' lang='lat' dir='ltr'>Per</span> <span class='ocrx_word' id='word_1_232' title='bbox 659 1799 753 1860; x_wconf 88' lang='lat' dir='ltr'>Adam</span> <span class='ocrx_word' id='word_1_233' title='bbox 790 1800 1069 1885; x_wconf 77' lang='lat' dir='ltr'>siqnidemBAcbis</span> <span class='ocrx_word' id='word_1_234' title='bbox 1091 1809 1167 1882; x_wconf 84' lang='lat' dir='ltr'>regis</span> <span class='ocrx_word' id='word_1_235' title='bbox 1190 1809 1262 1869; x_wconf 82' lang='lat' dir='ltr'>tietb</span> <span class='ocrx_word' id='word_1_236' title='bbox 1291 1828 1321 1871; x_wconf 92' lang='lat' dir='ltr'>se</span> <span class='ocrx_word' id='word_1_237' title='bbox 1344 1813 1440 1873; x_wconf 90' lang='lat' dir='ltr'>furere</span> <span class='ocrx_word' id='word_1_238' title='bbox 1468 1813 1629 1875; x_wconf 87' lang='lat' dir='ltr'>simulavit.</span> <span class='ocrx_word' id='word_1_239' title='bbox 1657 1817 1732 1878; x_wconf 87' lang='lat' dir='ltr'>bictt</span> <span class='ocrx_word' id='word_1_240' title='bbox 1756 1818 1846 1878; x_wconf 90' lang='lat' dir='ltr'>enim.</span> 
     </span>
     <span class='ocr_line' id='line_1_18' title="bbox 80 1889 1838 1979; baseline 0.008 -26"><span class='ocrx_word' id='word_1_241' title='bbox 80 1894 222 1965; x_wconf 83' lang='lat' dir='ltr'>Christus,</span> <span class='ocrx_word' id='word_1_242' title='bbox 237 1908 287 1967; x_wconf 88' lang='lat' dir='ltr'>per</span> <span class='ocrx_word' id='word_1_243' title='bbox 302 1893 393 1952; x_wconf 81' lang='lat' dir='ltr'>livam</span> <span class='ocrx_word' id='word_1_244' title='bbox 407 1892 576 1966; x_wconf 81' lang='lat' dir='ltr'>designatur</span> <span class='ocrx_word' id='word_1_245' title='bbox 586 1890 722 1950; x_wconf 83' lang='lat' dir='ltr'>Ecclesia.</span> <span class='ocrx_word' id='word_1_246' title='bbox 738 1889 813 1960; x_wconf 86' lang='lat' dir='ltr'>Quid</span> <span class='ocrx_word' id='word_1_247' title='bbox 828 1895 870 1948; x_wconf 90' lang='lat' dir='ltr'>cst</span> <span class='ocrx_word' id='word_1_248' title='bbox 885 1906 937 1949; x_wconf 87' lang='lat' dir='ltr'>an·</span> <span class='ocrx_word' id='word_1_249' title='bbox 981 1894 1139 1968; x_wconf 85' lang='lat' dir='ltr'>Scriptura,</span> <span class='ocrx_word' id='word_1_250' title='bbox 1155 1898 1224 1972; x_wconf 85' lang='lat' dir='ltr'>quta</span> <span class='ocrx_word' id='word_1_251' title='bbox 1242 1921 1256 1954; x_wconf 79' lang='grc' dir='ltr'>ε</span> <span class='ocrx_word' id='word_1_252' title='bbox 1271 1899 1439 1960; x_wconf 86' lang='lat' dir='ltr'>defluebant</span> <span class='ocrx_word' id='word_1_253' title='bbox 1461 1902 1562 1964; x_wconf 79' lang='lat' dir='ltr'>salivae</span> <span class='ocrx_word' id='word_1_254' title='bbox 1580 1905 1643 1979; x_wconf 85' lang='lat' dir='ltr'>ejus</span> <span class='ocrx_word' id='word_1_255' title='bbox 1662 1906 1694 1965; x_wconf 91' lang='lat' dir='ltr'>iu</span> <span class='ocrx_word' id='word_1_256' title='bbox 1713 1905 1838 1966; x_wconf 85' lang='lat' dir='ltr'>barbam</span> 
     </span>
     <span class='ocr_line' id='line_1_19' title="bbox 82 1978 1835 2069; baseline 0.007 -26"><span class='ocrx_word' id='word_1_257' title='bbox 82 1990 139 2044; x_wconf 92' lang='lat' dir='ltr'>tem</span> <span class='ocrx_word' id='word_1_258' title='bbox 163 1983 240 2059; x_wconf 83' lang='lat' dir='ltr'>quod</span> <span class='ocrx_word' id='word_1_259' title='bbox 266 1981 348 2057; x_wconf 90' lang='lat' dir='ltr'>prius</span> <span class='ocrx_word' id='word_1_260' title='bbox 373 1980 467 2040; x_wconf 87' lang='lat' dir='ltr'>Adam</span> <span class='ocrx_word' id='word_1_261' title='bbox 489 1980 632 2040; x_wconf 84' lang='lat' dir='ltr'>Dominus</span> <span class='ocrx_word' id='word_1_262' title='bbox 659 1978 813 2054; x_wconf 84' lang='lat' dir='ltr'>soporavit,</span> <span class='ocrx_word' id='word_1_263' title='bbox 831 1978 935 2038; x_wconf 89' lang='lat' dir='ltr'>deinde</span> <span class='ocrx_word' id='word_1_264' title='bbox 981 1988 1006 2052; x_wconf 87' lang='lat' dir='ltr'>(t</span> <span class='ocrx_word' id='word_1_265' title='bbox 1023 1989 1087 2056; x_wconf 68' lang='lat' dir='ltr'>lter.</span> <span class='ocrx_word' id='word_1_266' title='bbox 1105 1990 1213 2052; x_wconf 60' lang='lat' dir='ltr'>uxta»</span> <span class='ocrx_word' id='word_1_267' title='bbox 1236 1985 1311 2046; x_wconf 86' lang='lat' dir='ltr'>Sanc</span> <span class='ocrx_word' id='word_1_268' title='bbox 1333 1990 1401 2064; x_wconf 83' lang='lat' dir='ltr'>qnia</span> <span class='ocrx_word' id='word_1_269' title='bbox 1421 1989 1509 2051; x_wconf 88' lang='lat' dir='ltr'>barba</span> <span class='ocrx_word' id='word_1_270' title='bbox 1528 1991 1584 2051; x_wconf 89' lang='lat' dir='ltr'>viri</span> <span class='ocrx_word' id='word_1_271' title='bbox 1605 1998 1648 2053; x_wconf 92' lang='grc' dir='ltr'>εει</span> <span class='ocrx_word' id='word_1_272' title='bbox 1667 1993 1835 2069; x_wconf 85' lang='lat' dir='ltr'>proprium,</span> 
     </span>
     <span class='ocr_line' id='line_1_20' title="bbox 80 2068 1837 2151; baseline 0.005 -19"><span class='ocrx_word' id='word_1_273' title='bbox 80 2077 188 2132; x_wconf 87' lang='lat' dir='ltr'>costam</span> <span class='ocrx_word' id='word_1_274' title='bbox 215 2087 251 2131; x_wconf 83' lang='lat' dir='ltr'>ex</span> <span class='ocrx_word' id='word_1_275' title='bbox 280 2071 343 2145; x_wconf 73' lang='lat' dir='ltr'>eius</span> <span class='ocrx_word' id='word_1_276' title='bbox 375 2071 477 2141; x_wconf 81' lang='lat' dir='ltr'>latere,</span> <span class='ocrx_word' id='word_1_277' title='bbox 503 2069 582 2128; x_wconf 84' lang='lat' dir='ltr'>ubde</span> <span class='ocrx_word' id='word_1_278' title='bbox 604 2068 710 2127; x_wconf 81' lang='lat' dir='ltr'>mulier</span> <span class='ocrx_word' id='word_1_279' title='bbox 737 2068 935 2136; x_wconf 73' lang='lat' dir='ltr'>formaretur,</span> <span class='ocrx_word' id='word_1_280' title='bbox 979 2074 1108 2148; x_wconf 81' lang='lat' dir='ltr'>quidest</span> <span class='ocrx_word' id='word_1_281' title='bbox 1123 2091 1174 2149; x_wconf 90' lang='grc' dir='ltr'>ρετ</span> <span class='ocrx_word' id='word_1_282' title='bbox 1193 2076 1350 2151; x_wconf 77' lang='lat' dir='ltr'>mysticum</span> <span class='ocrx_word' id='word_1_283' title='bbox 1368 2077 1560 2150; x_wconf 87' lang='lat' dir='ltr'>intellectum,</span> <span class='ocrx_word' id='word_1_284' title='bbox 1576 2082 1633 2139; x_wconf 87' lang='lat' dir='ltr'>nisi</span> <span class='ocrx_word' id='word_1_285' title='bbox 1653 2082 1771 2142; x_wconf 86' lang='lat' dir='ltr'>virtutis</span> <span class='ocrx_word' id='word_1_286' title='bbox 1787 2081 1837 2140; x_wconf 91' lang='lat' dir='ltr'>in·</span> 
     </span>
     <span class='ocr_line' id='line_1_21' title="bbox 81 2155 1837 2244; baseline 0.005 -24"><span class='ocrx_word' id='word_1_287' title='bbox 81 2159 194 2230; x_wconf 83' lang='lat' dir='ltr'>eduxit,</span> <span class='ocrx_word' id='word_1_288' title='bbox 213 2157 271 2218; x_wconf 89' lang='lat' dir='ltr'>nisi</span> <span class='ocrx_word' id='word_1_289' title='bbox 284 2158 354 2233; x_wconf 83' lang='lat' dir='ltr'>quia</span> <span class='ocrx_word' id='word_1_290' title='bbox 367 2156 449 2231; x_wconf 88' lang='lat' dir='ltr'>prius</span> <span class='ocrx_word' id='word_1_291' title='bbox 460 2156 634 2230; x_wconf 84' lang='lat' dir='ltr'>Redemptor</span> <span class='ocrx_word' id='word_1_292' title='bbox 643 2157 675 2214; x_wconf 91' lang='lat' dir='ltr'>in</span> <span class='ocrx_word' id='word_1_293' title='bbox 694 2162 785 2214; x_wconf 90' lang='lat' dir='ltr'>morte</span> <span class='ocrx_word' id='word_1_294' title='bbox 799 2155 938 2214; x_wconf 86' lang='lat' dir='ltr'>dormivit</span> <span class='ocrx_word' id='word_1_295' title='bbox 979 2162 1115 2221; x_wconf 85' lang='lat' dir='ltr'>dicium?</span> <span class='ocrx_word' id='word_1_296' title='bbox 1128 2163 1203 2234; x_wconf 86' lang='lat' dir='ltr'>Quid</span> <span class='ocrx_word' id='word_1_297' title='bbox 1218 2180 1286 2239; x_wconf 84' lang='lat' dir='ltr'>ergo</span> <span class='ocrx_word' id='word_1_298' title='bbox 1300 2181 1350 2241; x_wconf 92' lang='lat' dir='ltr'>per</span> <span class='ocrx_word' id='word_1_299' title='bbox 1363 2168 1478 2240; x_wconf 82' lang='lat' dir='ltr'>satiras,</span> <span class='ocrx_word' id='word_1_300' title='bbox 1498 2184 1565 2244; x_wconf 80' lang='lat' dir='ltr'>quaa</span> <span class='ocrx_word' id='word_1_301' title='bbox 1580 2170 1720 2231; x_wconf 90' lang='lat' dir='ltr'>nimirum</span> <span class='ocrx_word' id='word_1_302' title='bbox 1736 2170 1837 2231; x_wconf 79' lang='lat' dir='ltr'>fluidae</span> 
     </span>
     <span class='ocr_line' id='line_1_22' title="bbox 80 2243 1837 2336; baseline 0.007 -28"><span class='ocrx_word' id='word_1_303' title='bbox 80 2247 179 2323; x_wconf 77' lang='lat' dir='ltr'>sicque</span> <span class='ocrx_word' id='word_1_304' title='bbox 192 2249 227 2307; x_wconf 88' lang='lat' dir='ltr'>dr</span> <span class='ocrx_word' id='word_1_305' title='bbox 242 2247 329 2306; x_wconf 87' lang='lat' dir='ltr'>latere</span> <span class='ocrx_word' id='word_1_306' title='bbox 349 2245 413 2319; x_wconf 83' lang='lat' dir='ltr'>ejus</span> <span class='ocrx_word' id='word_1_307' title='bbox 436 2246 466 2304; x_wconf 91' lang='lat' dir='ltr'>in</span> <span class='ocrx_word' id='word_1_308' title='bbox 486 2243 623 2319; x_wconf 79' lang='lat' dir='ltr'>Ecclesiae</span> <span class='ocrx_word' id='word_1_309' title='bbox 642 2250 854 2303; x_wconf 88' lang='lat' dir='ltr'>sacramentnm</span> <span class='ocrx_word' id='word_1_310' title='bbox 874 2259 937 2302; x_wconf 91' lang='lat' dir='ltr'>san·</span> <span class='ocrx_word' id='word_1_311' title='bbox 981 2255 1050 2308; x_wconf 90' lang='lat' dir='ltr'>sunt</span> <span class='ocrx_word' id='word_1_312' title='bbox 1063 2259 1090 2308; x_wconf 90' lang='lat' dir='ltr'>et</span> <span class='ocrx_word' id='word_1_313' title='bbox 1106 2251 1205 2323; x_wconf 83' lang='lat' dir='ltr'>lluxae,</span> <span class='ocrx_word' id='word_1_314' title='bbox 1221 2252 1277 2312; x_wconf 93' lang='lat' dir='ltr'>nisi</span> <span class='ocrx_word' id='word_1_315' title='bbox 1301 2254 1396 2313; x_wconf 82' lang='lat' dir='ltr'>tarnis</span> <span class='ocrx_word' id='word_1_316' title='bbox 1416 2254 1594 2316; x_wconf 85' lang='lat' dir='ltr'>infirmitas?</span> <span class='ocrx_word' id='word_1_317' title='bbox 1608 2258 1686 2329; x_wconf 86' lang='lat' dir='ltr'>Quid</span> <span class='ocrx_word' id='word_1_318' title='bbox 1702 2276 1769 2321; x_wconf 82' lang='lat' dir='ltr'>vero</span> <span class='ocrx_word' id='word_1_319' title='bbox 1785 2277 1837 2336; x_wconf 89' lang='grc' dir='ltr'>ρετ</span> 
     </span>
     <span class='ocr_line' id='line_1_23' title="bbox 80 2332 1838 2413; baseline 0.006 -15"><span class='ocrx_word' id='word_1_320' title='bbox 80 2338 147 2413; x_wconf 75' lang='lat' dir='ltr'>guis</span> <span class='ocrx_word' id='word_1_321' title='bbox 164 2345 192 2398; x_wconf 91' lang='lat' dir='ltr'>et</span> <span class='ocrx_word' id='word_1_322' title='bbox 210 2352 285 2411; x_wconf 81' lang='lat' dir='ltr'>aqua</span> <span class='ocrx_word' id='word_1_323' title='bbox 299 2334 437 2409; x_wconf 80' lang='lat' dir='ltr'>profluxit</span> <span class='ocrx_word' id='word_1_324' title='bbox 449 2335 463 2393; x_wconf 84' lang='lat' dir='ltr'>‘t</span> <span class='ocrx_word' id='word_1_325' title='bbox 477 2332 628 2395; x_wconf 86' lang='lat' dir='ltr'>Translata</span> <span class='ocrx_word' id='word_1_326' title='bbox 639 2341 683 2392; x_wconf 89' lang='grc' dir='ltr'>εει</span> <span class='ocrx_word' id='word_1_327' title='bbox 694 2333 754 2392; x_wconf 82' lang='lat' dir='ltr'>llva</span> <span class='ocrx_word' id='word_1_328' title='bbox 772 2332 807 2392; x_wconf 94' lang='lat' dir='ltr'>de</span> <span class='ocrx_word' id='word_1_329' title='bbox 823 2332 879 2391; x_wconf 86' lang='lat' dir='ltr'>viri</span> <span class='ocrx_word' id='word_1_330' title='bbox 895 2333 937 2390; x_wconf 89' lang='lat' dir='ltr'>la·</span> <span class='ocrx_word' id='word_1_331' title='bbox 981 2336 1110 2408; x_wconf 91' lang='lat' dir='ltr'>barbam,</span> <span class='ocrx_word' id='word_1_332' title='bbox 1135 2341 1190 2399; x_wconf 91' lang='lat' dir='ltr'>nisi</span> <span class='ocrx_word' id='word_1_333' title='bbox 1215 2341 1377 2402; x_wconf 87' lang='lat' dir='ltr'>divinitatis</span> <span class='ocrx_word' id='word_1_334' title='bbox 1399 2343 1532 2404; x_wconf 88' lang='lat' dir='ltr'>innuitur</span> <span class='ocrx_word' id='word_1_335' title='bbox 1560 2347 1720 2406; x_wconf 85' lang='lat' dir='ltr'>fortitudo?</span> <span class='ocrx_word' id='word_1_336' title='bbox 1740 2348 1838 2408; x_wconf 87' lang='lat' dir='ltr'>Barba</span> 
     </span>
     <span class='ocr_line' id='line_1_24' title="bbox 81 2420 1837 2510; baseline 0.006 -23"><span class='ocrx_word' id='word_1_337' title='bbox 81 2433 140 2487; x_wconf 90' lang='lat' dir='ltr'>tere</span> <span class='ocrx_word' id='word_1_338' title='bbox 155 2426 339 2493; x_wconf 76' lang='lat' dir='ltr'>dormientis3</span> <span class='ocrx_word' id='word_1_339' title='bbox 355 2421 429 2480; x_wconf 82' lang='grc'>359</span> <span class='ocrx_word' id='word_1_340' title='bbox 443 2423 672 2484; x_wconf 81' lang='lat' dir='ltr'>exivitllcclesia</span> <span class='ocrx_word' id='word_1_341' title='bbox 684 2423 819 2482; x_wconf 85' lang='lat' dir='ltr'>delatore</span> <span class='ocrx_word' id='word_1_342' title='bbox 835 2420 937 2480; x_wconf 85' lang='lat' dir='ltr'>Salva·</span> <span class='ocrx_word' id='word_1_343' title='bbox 981 2442 1049 2501; x_wconf 81' lang='lat' dir='ltr'>ergo</span> <span class='ocrx_word' id='word_1_344' title='bbox 1068 2428 1168 2488; x_wconf 84' lang='lat' dir='ltr'>salivis</span> <span class='ocrx_word' id='word_1_345' title='bbox 1191 2429 1385 2491; x_wconf 83' lang='lat' dir='ltr'>defluentibus</span> <span class='ocrx_word' id='word_1_346' title='bbox 1408 2434 1545 2508; x_wconf 90' lang='lat' dir='ltr'>operitur,</span> <span class='ocrx_word' id='word_1_347' title='bbox 1561 2435 1631 2509; x_wconf 88' lang='lat' dir='ltr'>quia</span> <span class='ocrx_word' id='word_1_348' title='bbox 1654 2436 1750 2510; x_wconf 84' lang='lat' dir='ltr'>fragili</span> <span class='ocrx_word' id='word_1_349' title='bbox 1772 2453 1837 2497; x_wconf 85' lang='lat' dir='ltr'>car·</span> 
     </span>
     <span class='ocr_line' id='line_1_25' title="bbox 82 2515 1836 2601; baseline 0.005 -25"><span class='ocrx_word' id='word_1_350' title='bbox 82 2517 192 2577; x_wconf 79' lang='lat' dir='ltr'>tdrisin</span> <span class='ocrx_word' id='word_1_351' title='bbox 206 2515 464 2590; x_wconf 89' lang='lat' dir='ltr'>crucependentis.</span> <span class='ocrx_word' id='word_1_352' title='bbox 982 2516 1028 2574; x_wconf 91' lang='lat' dir='ltr'>nis</span> <span class='ocrx_word' id='word_1_353' title='bbox 1053 2516 1196 2575; x_wconf 87' lang='lat' dir='ltr'>velamine</span> <span class='ocrx_word' id='word_1_354' title='bbox 1214 2517 1376 2579; x_wconf 85' lang='lat' dir='ltr'>divinitatis</span> <span class='ocrx_word' id='word_1_355' title='bbox 1397 2521 1489 2581; x_wconf 83' lang='lat' dir='ltr'>virtus</span> <span class='ocrx_word' id='word_1_356' title='bbox 1506 2522 1649 2583; x_wconf 91' lang='lat' dir='ltr'>induitur.</span> <span class='ocrx_word' id='word_1_357' title='bbox 1676 2523 1733 2585; x_wconf 86' lang='lat' dir='ltr'>Sed</span> <span class='ocrx_word' id='word_1_358' title='bbox 1758 2525 1836 2601; x_wconf 87' lang='lat' dir='ltr'>quod</span> 
     </span>
     <span class='ocr_line' id='line_1_26' title="bbox 119 2600 1838 2682; baseline 0.004 -18"><span class='ocrx_word' id='word_1_359' title='bbox 119 2604 260 2679; x_wconf 88' lang='lat' dir='ltr'>Sedqnid</span> <span class='ocrx_word' id='word_1_360' title='bbox 277 2611 319 2663; x_wconf 90' lang='lat' dir='ltr'>est</span> <span class='ocrx_word' id='word_1_361' title='bbox 340 2602 417 2678; x_wconf 79' lang='lat' dir='ltr'>quod</span> <span class='ocrx_word' id='word_1_362' title='bbox 434 2602 617 2677; x_wconf 91' lang='lat' dir='ltr'>omnipotens</span> <span class='ocrx_word' id='word_1_363' title='bbox 633 2600 770 2661; x_wconf 84' lang='lat' dir='ltr'>Conditor</span> <span class='ocrx_word' id='word_1_364' title='bbox 787 2616 854 2659; x_wconf 87' lang='lat' dir='ltr'>cunr</span> <span class='ocrx_word' id='word_1_365' title='bbox 872 2614 937 2659; x_wconf 91' lang='lat' dir='ltr'>mu·</span> <span class='ocrx_word' id='word_1_366' title='bbox 981 2604 1074 2663; x_wconf 86' lang='lat' dir='ltr'>David</span> <span class='ocrx_word' id='word_1_367' title='bbox 1098 2606 1321 2680; x_wconf 88' lang='lat' dir='ltr'>dispensationis</span> <span class='ocrx_word' id='word_1_368' title='bbox 1348 2608 1450 2682; x_wconf 83' lang='lat' dir='ltr'>agebat</span> <span class='ocrx_word' id='word_1_369' title='bbox 1477 2608 1631 2682; x_wconf 86' lang='lat' dir='ltr'>industria,</span> <span class='ocrx_word' id='word_1_370' title='bbox 1661 2614 1715 2673; x_wconf 91' lang='lat' dir='ltr'>boc</span> <span class='ocrx_word' id='word_1_371' title='bbox 1742 2629 1761 2672; x_wconf 92' lang='lat' dir='ltr'>a</span> <span class='ocrx_word' id='word_1_372' title='bbox 1789 2629 1838 2672; x_wconf 80' lang='lat' dir='ltr'>ne</span> 
     </span>
     <span class='ocr_line' id='line_1_27' title="bbox 83 2687 1838 2769; baseline 0.004 -15"><span class='ocrx_word' id='word_1_373' title='bbox 83 2694 184 2755; x_wconf 92' lang='lat' dir='ltr'>lierem</span> <span class='ocrx_word' id='word_1_374' title='bbox 208 2695 244 2754; x_wconf 93' lang='lat' dir='ltr'>de</span> <span class='ocrx_word' id='word_1_375' title='bbox 265 2694 338 2761; x_wconf 80' lang='lat' dir='ltr'>viro,</span> <span class='ocrx_word' id='word_1_376' title='bbox 358 2692 386 2751; x_wconf 92' lang='lat' dir='ltr'>id</span> <span class='ocrx_word' id='word_1_377' title='bbox 411 2698 464 2763; x_wconf 91' lang='lat' dir='ltr'>est,</span> <span class='ocrx_word' id='word_1_378' title='bbox 480 2690 612 2763; x_wconf 79' lang='lat' dir='ltr'>fragilem</span> <span class='ocrx_word' id='word_1_379' title='bbox 636 2706 740 2750; x_wconf 85' lang='lat' dir='ltr'>sexum</span> <span class='ocrx_word' id='word_1_380' title='bbox 766 2691 802 2749; x_wconf 90' lang='lat' dir='ltr'>de</span> <span class='ocrx_word' id='word_1_381' title='bbox 826 2687 937 2748; x_wconf 88' lang='lat' dir='ltr'>fortiori</span> <span class='ocrx_word' id='word_1_382' title='bbox 981 2693 1142 2753; x_wconf 89' lang='lat' dir='ltr'>scientibus</span> <span class='ocrx_word' id='word_1_383' title='bbox 1160 2696 1314 2769; x_wconf 83' lang='lat' dir='ltr'>putabatur</span> <span class='ocrx_word' id='word_1_384' title='bbox 1329 2696 1453 2756; x_wconf 88' lang='lat' dir='ltr'>insania.</span> <span class='ocrx_word' id='word_1_385' title='bbox 1472 2699 1552 2759; x_wconf 89' lang='lat' dir='ltr'>Unde</span> <span class='ocrx_word' id='word_1_386' title='bbox 1567 2701 1656 2760; x_wconf 84' lang='lat' dir='ltr'>Acbis</span> <span class='ocrx_word' id='word_1_387' title='bbox 1668 2703 1761 2761; x_wconf 79' lang='lat' dir='ltr'>serris</span> <span class='ocrx_word' id='word_1_388' title='bbox 1774 2703 1838 2761; x_wconf 89' lang='lat' dir='ltr'>suis</span> 
     </span>
     <span class='ocr_line' id='line_1_28' title="bbox 84 2778 1871 2867; baseline 0.004 -26"><span class='ocrx_word' id='word_1_389' title='bbox 84 2798 242 2858; x_wconf 81' lang='lat' dir='ltr'>propagare</span> <span class='ocrx_word' id='word_1_390' title='bbox 260 2780 432 2853; x_wconf 86' lang='lat' dir='ltr'>disponeret,</span> <span class='ocrx_word' id='word_1_391' title='bbox 461 2794 519 2837; x_wconf 92' lang='lat' dir='ltr'>non</span> <span class='ocrx_word' id='word_1_392' title='bbox 539 2778 595 2837; x_wconf 85' lang='lat' dir='ltr'>viri</span> <span class='ocrx_word' id='word_1_393' title='bbox 619 2794 745 2850; x_wconf 88' lang='lat' dir='ltr'>carnem,</span> <span class='ocrx_word' id='word_1_394' title='bbox 761 2778 810 2838; x_wconf 90' lang='lat' dir='ltr'>scd</span> <span class='ocrx_word' id='word_1_395' title='bbox 834 2793 865 2837; x_wconf 91' lang='grc' dir='ltr'>οε</span> <span class='ocrx_word' id='word_1_396' title='bbox 887 2793 939 2852; x_wconf 93' lang='lat' dir='ltr'>po·</span> <span class='ocrx_word' id='word_1_397' title='bbox 981 2784 1023 2841; x_wconf 90' lang='lat' dir='ltr'>ait</span> <span class='ocrx_word' id='word_1_398' title='bbox 1048 2803 1054 2842; x_wconf 95' lang='lat'>:</span> <span class='ocrx_word' id='word_1_399' title='bbox 1078 2783 1227 2844; x_wconf 76' lang='lat' dir='ltr'>«Vidistis</span> <span class='ocrx_word' id='word_1_400' title='bbox 1242 2785 1391 2845; x_wconf 89' lang='lat' dir='ltr'>bominem</span> <span class='ocrx_word' id='word_1_401' title='bbox 1407 2787 1555 2860; x_wconf 87' lang='lat' dir='ltr'>insanum,</span> <span class='ocrx_word' id='word_1_402' title='bbox 1581 2787 1654 2845; x_wconf 83' lang='grc'>360</span> <span class='ocrx_word' id='word_1_403' title='bbox 1668 2807 1759 2867; x_wconf 83' lang='lat' dir='ltr'>quare</span> <span class='ocrx_word' id='word_1_404' title='bbox 1785 2792 1838 2850; x_wconf 89' lang='lat' dir='ltr'>ad·</span> <span class='ocrx_word' id='word_1_405' title='bbox 1864 2851 1871 2861; x_wconf 74' lang='grc'><strong>,</strong></span> 
     </span>
     <span class='ocr_line' id='line_1_29' title="bbox 84 2864 1839 2956; baseline 0.006 -27"><span class='ocrx_word' id='word_1_406' title='bbox 84 2870 144 2929; x_wconf 91' lang='lat' dir='ltr'>tius</span> <span class='ocrx_word' id='word_1_407' title='bbox 175 2867 212 2926; x_wconf 90' lang='lat' dir='ltr'>ad</span> <span class='ocrx_word' id='word_1_408' title='bbox 237 2865 397 2925; x_wconf 88' lang='lat' dir='ltr'>faciendam</span> <span class='ocrx_word' id='word_1_409' title='bbox 423 2865 561 2923; x_wconf 89' lang='lat' dir='ltr'>feminam</span> <span class='ocrx_word' id='word_1_410' title='bbox 585 2864 641 2923; x_wconf 93' lang='lat' dir='ltr'>sibi</span> <span class='ocrx_word' id='word_1_411' title='bbox 669 2865 763 2924; x_wconf 84' lang='lat' dir='ltr'>noluit</span> <span class='ocrx_word' id='word_1_412' title='bbox 789 2864 939 2923; x_wconf 88' lang='lat' dir='ltr'>materiam</span> <span class='ocrx_word' id='word_1_413' title='bbox 981 2872 1107 2933; x_wconf 79' lang='lat' dir='ltr'>duxistis</span> <span class='ocrx_word' id='word_1_414' title='bbox 1122 2889 1189 2933; x_wconf 85' lang='lat' dir='ltr'>cnm</span> <span class='ocrx_word' id='word_1_415' title='bbox 1202 2873 1238 2933; x_wconf 92' lang='lat' dir='ltr'>ad</span> <span class='ocrx_word' id='word_1_416' title='bbox 1253 2876 1321 2933; x_wconf 82' lang='lat' dir='ltr'>me?</span> <span class='ocrx_word' id='word_1_417' title='bbox 1336 2874 1382 2934; x_wconf 84' lang='lat' dir='ltr'>An</span> <span class='ocrx_word' id='word_1_418' title='bbox 1398 2876 1506 2936; x_wconf 88' lang='lat' dir='ltr'>desunt</span> <span class='ocrx_word' id='word_1_419' title='bbox 1524 2878 1609 2939; x_wconf 91' lang='lat' dir='ltr'>nobis</span> <span class='ocrx_word' id='word_1_420' title='bbox 1628 2880 1742 2954; x_wconf 86' lang='lat' dir='ltr'>furiosi,</span> <span class='ocrx_word' id='word_1_421' title='bbox 1756 2880 1839 2956; x_wconf 86' lang='lat' dir='ltr'>qood</span> 
     </span>
     <span class='ocr_line' id='line_1_30' title="bbox 82 2954 1838 3043; baseline 0.006 -25"><span class='ocrx_word' id='word_1_422' title='bbox 82 2959 223 3018; x_wconf 83' lang='lat' dir='ltr'>exhibere</span> <span class='ocrx_word' id='word_1_423' title='bbox 235 2956 250 3017; x_wconf 84' lang='lat' dir='ltr'>l</span> <span class='ocrx_word' id='word_1_424' title='bbox 263 2956 360 3018; x_wconf 88' lang='lat' dir='ltr'>Potuit</span> <span class='ocrx_word' id='word_1_425' title='bbox 382 2956 461 3016; x_wconf 89' lang='lat' dir='ltr'>enim</span> <span class='ocrx_word' id='word_1_426' title='bbox 482 2954 559 3015; x_wconf 87' lang='lat' dir='ltr'>Deus</span> <span class='ocrx_word' id='word_1_427' title='bbox 580 2956 695 3015; x_wconf 90' lang='lat' dir='ltr'>bomini</span> <span class='ocrx_word' id='word_1_428' title='bbox 717 2971 832 3016; x_wconf 89' lang='lat' dir='ltr'>carnem</span> <span class='ocrx_word' id='word_1_429' title='bbox 848 2955 939 3015; x_wconf 88' lang='lat' dir='ltr'>detra·</span> <span class='ocrx_word' id='word_1_430' title='bbox 982 2961 1184 3022; x_wconf 82' lang='lat' dir='ltr'>introduxistis</span> <span class='ocrx_word' id='word_1_431' title='bbox 1199 2962 1288 3022; x_wconf 90' lang='lat' dir='ltr'>istum</span> <span class='ocrx_word' id='word_1_432' title='bbox 1304 2972 1335 3022; x_wconf 93' lang='lat' dir='ltr'>nt</span> <span class='ocrx_word' id='word_1_433' title='bbox 1348 2964 1458 3025; x_wconf 89' lang='lat' dir='ltr'>fureret</span> <span class='ocrx_word' id='word_1_434' title='bbox 1475 2982 1521 3026; x_wconf 85' lang='lat' dir='ltr'>me</span> <span class='ocrx_word' id='word_1_435' title='bbox 1531 2968 1698 3042; x_wconf 75' lang='lat' dir='ltr'>prasente?</span> <span class='ocrx_word' id='word_1_436' title='bbox 1716 2994 1727 3023; x_wconf 76' lang='grc' dir='ltr'>ι</span> <span class='ocrx_word' id='word_1_437' title='bbox 1743 2971 1838 3043; x_wconf 69' lang='lat' dir='ltr'>(ibid.)</span> 
     </span>
     <span class='ocr_line' id='line_1_31' title="bbox 84 3046 1840 3131; baseline 0.006 -23"><span class='ocrx_word' id='word_1_438' title='bbox 84 3049 165 3123; x_wconf 89' lang='lat' dir='ltr'>here,</span> <span class='ocrx_word' id='word_1_439' title='bbox 178 3048 257 3108; x_wconf 91' lang='lat' dir='ltr'>unde</span> <span class='ocrx_word' id='word_1_440' title='bbox 271 3048 380 3107; x_wconf 86' lang='lat' dir='ltr'>lamina</span> <span class='ocrx_word' id='word_1_441' title='bbox 399 3046 584 3120; x_wconf 78' lang='lat' dir='ltr'>formaretur,</span> <span class='ocrx_word' id='word_1_442' title='bbox 604 3055 632 3106; x_wconf 91' lang='grc' dir='ltr'>ει</span> <span class='ocrx_word' id='word_1_443' title='bbox 653 3048 705 3106; x_wconf 86' lang='lat' dir='ltr'>troc</span> <span class='ocrx_word' id='word_1_444' title='bbox 721 3053 797 3106; x_wconf 89' lang='lat' dir='ltr'>certe</span> <span class='ocrx_word' id='word_1_445' title='bbox 815 3062 938 3121; x_wconf 82' lang='lat' dir='ltr'>congru·</span> <span class='ocrx_word' id='word_1_446' title='bbox 982 3051 1085 3110; x_wconf 91' lang='lat' dir='ltr'>Nonne</span> <span class='ocrx_word' id='word_1_447' title='bbox 1104 3053 1191 3110; x_wconf 89' lang='lat' dir='ltr'>etiam</span> <span class='ocrx_word' id='word_1_448' title='bbox 1205 3066 1274 3110; x_wconf 91' lang='lat' dir='ltr'>vero</span> <span class='ocrx_word' id='word_1_449' title='bbox 1292 3050 1395 3126; x_wconf 85' lang='lat' dir='ltr'>David,</span> <span class='ocrx_word' id='word_1_450' title='bbox 1411 3053 1595 3130; x_wconf 89' lang='lat' dir='ltr'>Redemptori</span> <span class='ocrx_word' id='word_1_451' title='bbox 1615 3066 1725 3131; x_wconf 89' lang='lat' dir='ltr'>nostro,</span> <span class='ocrx_word' id='word_1_452' title='bbox 1740 3058 1840 3118; x_wconf 84' lang='lat' dir='ltr'>simile</span> 
     </span>
     <span class='ocr_line' id='line_1_32' title="bbox 84 3137 1840 3243; baseline 0.004 -42"><span class='ocrx_word' id='word_1_453' title='bbox 84 3142 182 3201; x_wconf 91' lang='lat' dir='ltr'>entius</span> <span class='ocrx_word' id='word_1_454' title='bbox 205 3140 361 3200; x_wconf 85' lang='lat' dir='ltr'>rideretur.</span> <span class='ocrx_word' id='word_1_455' title='bbox 379 3138 491 3200; x_wconf 88' lang='lat' dir='ltr'>Sciebat</span> <span class='ocrx_word' id='word_1_456' title='bbox 506 3139 586 3198; x_wconf 89' lang='lat' dir='ltr'>enirn</span> <span class='ocrx_word' id='word_1_457' title='bbox 608 3153 697 3198; x_wconf 84' lang='lat' dir='ltr'>sexus</span> <span class='ocrx_word' id='word_1_458' title='bbox 721 3137 846 3198; x_wconf 89' lang='lat' dir='ltr'>debilior</span> <span class='ocrx_word' id='word_1_459' title='bbox 868 3138 938 3213; x_wconf 86' lang='lat' dir='ltr'>quid</span> <span class='ocrx_word' id='word_1_460' title='bbox 951 3138 1055 3243; x_wconf 78' lang='lat' dir='ltr'>Cqnid</span> <span class='ocrx_word' id='word_1_461' title='bbox 1074 3138 1186 3210; x_wconf 89' lang='lat' dir='ltr'>accidit,</span> <span class='ocrx_word' id='word_1_462' title='bbox 1204 3146 1235 3197; x_wconf 90' lang='lat' dir='ltr'>ut</span> <span class='ocrx_word' id='word_1_463' title='bbox 1250 3138 1376 3201; x_wconf 89' lang='lat' dir='ltr'>insanus</span> <span class='ocrx_word' id='word_1_464' title='bbox 1392 3142 1429 3199; x_wconf 89' lang='lat' dir='ltr'>ab</span> <span class='ocrx_word' id='word_1_465' title='bbox 1447 3143 1665 3207; x_wconf 87' lang='lat' dir='ltr'>insanientibus</span> <span class='ocrx_word' id='word_1_466' title='bbox 1687 3153 1840 3222; x_wconf 88' lang='lat' dir='ltr'>putaretur</span> 
     </span>
     <span class='ocr_line' id='line_1_33' title="bbox 84 3228 1841 3308; baseline 0.003 -16"><span class='ocrx_word' id='word_1_467' title='bbox 84 3230 225 3292; x_wconf 88' lang='lat' dir='ltr'>nimirum</span> <span class='ocrx_word' id='word_1_468' title='bbox 239 3231 464 3304; x_wconf 82' lang='lat' dir='ltr'>consequentius</span> <span class='ocrx_word' id='word_1_469' title='bbox 472 3228 509 3288; x_wconf 90' lang='lat' dir='ltr'>de</span> <span class='ocrx_word' id='word_1_470' title='bbox 520 3230 616 3287; x_wconf 91' lang='lat' dir='ltr'>carnis</span> <span class='ocrx_word' id='word_1_471' title='bbox 626 3228 795 3289; x_wconf 87' lang='lat' dir='ltr'>infirmitate</span> <span class='ocrx_word' id='word_1_472' title='bbox 807 3245 940 3305; x_wconf 76' lang='lat' dir='ltr'>naamon</span> <span class='ocrx_word' id='word_1_473' title='bbox 981 3234 1010 3287; x_wconf 91' lang='lat' dir='ltr'>et</span> <span class='ocrx_word' id='word_1_474' title='bbox 1029 3229 1167 3288; x_wconf 86' lang='lat' dir='ltr'>miracula</span> <span class='ocrx_word' id='word_1_475' title='bbox 1186 3245 1237 3304; x_wconf 91' lang='lat' dir='ltr'>per</span> <span class='ocrx_word' id='word_1_476' title='bbox 1254 3230 1401 3292; x_wconf 82' lang='lat' dir='ltr'>daemones</span> <span class='ocrx_word' id='word_1_477' title='bbox 1423 3249 1509 3308; x_wconf 78' lang='lat' dir='ltr'>agere</span> <span class='ocrx_word' id='word_1_478' title='bbox 1524 3251 1540 3293; x_wconf 87' lang='lat' dir='ltr'>a</span> <span class='ocrx_word' id='word_1_479' title='bbox 1558 3235 1744 3297; x_wconf 69' lang='lat' dir='ltr'>demoniacis</span> <span class='ocrx_word' id='word_1_480' title='bbox 1760 3238 1841 3298; x_wconf 86' lang='lat' dir='ltr'>dioe-</span> 
     </span>
     <span class='ocr_line' id='line_1_34' title="bbox 83 3317 1839 3399; baseline 0.011 -33"><span class='ocrx_word' id='word_1_481' title='bbox 83 3322 157 3383; x_wconf 65' lang='lat'><strong>03315</strong></span> <span class='ocrx_word' id='word_1_482' title='bbox 174 3321 340 3399; x_wconf 51' lang='lat' dir='ltr'>procederet</span> <span class='ocrx_word' id='word_1_483' title='bbox 358 3319 537 3392; x_wconf 66' lang='lat' dir='ltr'>fortitudine,</span> <span class='ocrx_word' id='word_1_484' title='bbox 552 3327 581 3380; x_wconf 70' lang='lat' dir='ltr'>et</span> <span class='ocrx_word' id='word_1_485' title='bbox 599 3328 632 3380; x_wconf 70' lang='lat' dir='ltr'>ut</span> <span class='ocrx_word' id='word_1_486' title='bbox 650 3321 742 3397; x_wconf 67' lang='lat' dir='ltr'>magis</span> <span class='ocrx_word' id='word_1_487' title='bbox 760 3328 876 3396; x_wconf 64' lang='lat' dir='ltr'>stuppas</span> <span class='ocrx_word' id='word_1_488' title='bbox 895 3322 940 3379; x_wconf 76' lang='lat' dir='ltr'>pt.</span> <span class='ocrx_word' id='word_1_489' title='bbox 982 3320 1087 3376; x_wconf 81' lang='lat' dir='ltr'>retur‘l</span> <span class='ocrx_word' id='word_1_490' title='bbox 1111 3317 1188 3375; x_wconf 86' lang='lat' dir='ltr'>Hinc</span> <span class='ocrx_word' id='word_1_491' title='bbox 1215 3325 1265 3388; x_wconf 89' lang='grc' dir='ltr'>εει,</span> <span class='ocrx_word' id='word_1_492' title='bbox 1295 3321 1372 3395; x_wconf 83' lang='lat' dir='ltr'>quod</span> <span class='ocrx_word' id='word_1_493' title='bbox 1402 3320 1517 3383; x_wconf 86' lang='lat' dir='ltr'>Marcus</span> <span class='ocrx_word' id='word_1_494' title='bbox 1542 3325 1721 3399; x_wconf 80' lang='lat' dir='ltr'>evangelista</span> <span class='ocrx_word' id='word_1_495' title='bbox 1744 3326 1839 3386; x_wconf 88' lang='lat' dir='ltr'>dicit:</span> 
     </span>
     <span class='ocr_line' id='line_1_35' title="bbox 84 3408 1840 3487; baseline 0.001 -16"><span class='ocrx_word' id='word_1_496' title='bbox 84 3411 145 3472; x_wconf 80' lang='lat' dir='ltr'>vini</span> <span class='ocrx_word' id='word_1_497' title='bbox 163 3412 259 3487; x_wconf 88' lang='lat' dir='ltr'>operis</span> <span class='ocrx_word' id='word_1_498' title='bbox 278 3417 503 3482; x_wconf 87' lang='lat' dir='ltr'>sacramentnm,</span> <span class='ocrx_word' id='word_1_499' title='bbox 524 3426 580 3471; x_wconf 92' lang='lat' dir='ltr'>non</span> <span class='ocrx_word' id='word_1_500' title='bbox 603 3427 654 3485; x_wconf 91' lang='lat' dir='ltr'>pro</span> <span class='ocrx_word' id='word_1_501' title='bbox 672 3426 784 3471; x_wconf 89' lang='lat' dir='ltr'>osseos</span> <span class='ocrx_word' id='word_1_502' title='bbox 803 3410 940 3481; x_wconf 83' lang='lat' dir='ltr'>reddidit,</span> <span class='ocrx_word' id='word_1_503' title='bbox 984 3408 1048 3467; x_wconf 78' lang='lat' dir='ltr'>«Et</span> <span class='ocrx_word' id='word_1_504' title='bbox 1065 3423 1132 3467; x_wconf 92' lang='lat' dir='ltr'>cnm</span> <span class='ocrx_word' id='word_1_505' title='bbox 1147 3408 1288 3468; x_wconf 86' lang='lat' dir='ltr'>vidissent</span> <span class='ocrx_word' id='word_1_506' title='bbox 1301 3410 1359 3482; x_wconf 89' lang='lat' dir='ltr'>sni,</span> <span class='ocrx_word' id='word_1_507' title='bbox 1373 3412 1510 3472; x_wconf 83' lang='lat' dir='ltr'>exierunt</span> <span class='ocrx_word' id='word_1_508' title='bbox 1531 3419 1628 3472; x_wconf 85' lang='lat' dir='ltr'>tenere</span> <span class='ocrx_word' id='word_1_509' title='bbox 1649 3429 1728 3474; x_wconf 90' lang='lat' dir='ltr'>eum.</span> <span class='ocrx_word' id='word_1_510' title='bbox 1755 3413 1840 3473; x_wconf 84' lang='lat' dir='ltr'>llice·</span> 
     </span>
     <span class='ocr_line' id='line_1_36' title="bbox 84 3497 1839 3578; baseline 0.001 -18"><span class='ocrx_word' id='word_1_511' title='bbox 84 3502 134 3560; x_wconf 85' lang='lat' dir='ltr'>sed</span> <span class='ocrx_word' id='word_1_512' title='bbox 148 3515 235 3560; x_wconf 90' lang='lat' dir='ltr'>carne</span> <span class='ocrx_word' id='word_1_513' title='bbox 258 3498 352 3573; x_wconf 86' lang='lat' dir='ltr'>potius</span> <span class='ocrx_word' id='word_1_514' title='bbox 369 3498 447 3573; x_wconf 83' lang='lat' dir='ltr'>qnod</span> <span class='ocrx_word' id='word_1_515' title='bbox 473 3499 505 3557; x_wconf 89' lang='lat' dir='ltr'>in</span> <span class='ocrx_word' id='word_1_516' title='bbox 526 3498 584 3558; x_wconf 80' lang='lat' dir='ltr'>tiri</span> <span class='ocrx_word' id='word_1_517' title='bbox 607 3514 725 3575; x_wconf 87' lang='lat' dir='ltr'>corpore</span> <span class='ocrx_word' id='word_1_518' title='bbox 750 3499 868 3557; x_wconf 78' lang='lat' dir='ltr'>vacabat</span> <span class='ocrx_word' id='word_1_519' title='bbox 883 3500 939 3557; x_wconf 88' lang='lat' dir='ltr'>im·</span> <span class='ocrx_word' id='word_1_520' title='bbox 982 3497 1052 3555; x_wconf 82' lang='lat' dir='ltr'>brnt</span> <span class='ocrx_word' id='word_1_521' title='bbox 1075 3498 1155 3556; x_wconf 85' lang='lat' dir='ltr'>onitu</span> <span class='ocrx_word' id='word_1_522' title='bbox 1170 3517 1176 3556; x_wconf 93' lang='lat'>:</span> <span class='ocrx_word' id='word_1_523' title='bbox 1192 3498 1335 3569; x_wconf 84' lang='lat' dir='ltr'>Quoniam</span> <span class='ocrx_word' id='word_1_524' title='bbox 1360 3502 1388 3560; x_wconf 88' lang='lat' dir='ltr'>in</span> <span class='ocrx_word' id='word_1_525' title='bbox 1410 3501 1537 3562; x_wconf 91' lang='lat' dir='ltr'>furorem</span> <span class='ocrx_word' id='word_1_526' title='bbox 1558 3518 1659 3562; x_wconf 87' lang='lat' dir='ltr'>versus</span> <span class='ocrx_word' id='word_1_527' title='bbox 1677 3510 1721 3562; x_wconf 87' lang='lat' dir='ltr'>est</span> <span class='ocrx_word' id='word_1_528' title='bbox 1741 3506 1839 3578; x_wconf 69' lang='lat' dir='ltr'>tuere.</span> 
     </span>
     <span class='ocr_line' id='line_1_37' title="bbox 83 3586 1840 3665; baseline 0.001 -17"><span class='ocrx_word' id='word_1_529' title='bbox 83 3587 196 3664; x_wconf 88' lang='lat' dir='ltr'>plevit?</span> <span class='ocrx_word' id='word_1_530' title='bbox 210 3586 293 3649; x_wconf 89' lang='lat' dir='ltr'>Unde</span> <span class='ocrx_word' id='word_1_531' title='bbox 307 3586 455 3662; x_wconf 90' lang='lat' dir='ltr'>Scriptura</span> <span class='ocrx_word' id='word_1_532' title='bbox 473 3603 541 3647; x_wconf 89' lang='lat' dir='ltr'>cum</span> <span class='ocrx_word' id='word_1_533' title='bbox 562 3586 638 3645; x_wconf 84' lang='lat' dir='ltr'>dixit</span> <span class='ocrx_word' id='word_1_534' title='bbox 654 3611 660 3644; x_wconf 73' lang='grc' dir='ltr'>ι</span> <span class='ocrx_word' id='word_1_535' title='bbox 676 3609 690 3640; x_wconf 77' lang='grc' dir='ltr'>ε</span> <span class='ocrx_word' id='word_1_536' title='bbox 704 3586 784 3646; x_wconf 86' lang='lat' dir='ltr'>Tulit</span> <span class='ocrx_word' id='word_1_537' title='bbox 801 3602 890 3646; x_wconf 91' lang='lat' dir='ltr'>unam</span> <span class='ocrx_word' id='word_1_538' title='bbox 906 3586 942 3644; x_wconf 92' lang='lat' dir='ltr'>de</span> <span class='ocrx_word' id='word_1_539' title='bbox 983 3589 1032 3650; x_wconf 89' lang='lat' dir='ltr'>tul.</span> <span class='ocrx_word' id='word_1_540' title='bbox 1050 3610 1061 3639; x_wconf 75' lang='grc' dir='ltr'>ι</span> <span class='ocrx_word' id='word_1_541' title='bbox 1079 3586 1191 3657; x_wconf 84' lang='lat' dir='ltr'>Quibus</span> <span class='ocrx_word' id='word_1_542' title='bbox 1209 3589 1306 3648; x_wconf 82' lang='lat' dir='ltr'>verbis</span> <span class='ocrx_word' id='word_1_543' title='bbox 1321 3591 1454 3665; x_wconf 90' lang='lat' dir='ltr'>protinus</span> <span class='ocrx_word' id='word_1_544' title='bbox 1471 3591 1582 3651; x_wconf 90' lang='lat' dir='ltr'>addidit</span> <span class='ocrx_word' id='word_1_545' title='bbox 1599 3611 1606 3650; x_wconf 72' lang='grc' dir='ltr'>ε</span> <span class='ocrx_word' id='word_1_546' title='bbox 1632 3614 1644 3642; x_wconf 81' lang='grc' dir='ltr'>ι</span> <span class='ocrx_word' id='word_1_547' title='bbox 1661 3590 1695 3649; x_wconf 84' lang='lat' dir='ltr'>Et</span> <span class='ocrx_word' id='word_1_548' title='bbox 1718 3589 1840 3658; x_wconf 80' lang='lat' dir='ltr'>Scribae,</span> 
     </span>
     <span class='ocr_line' id='line_1_38' title="bbox 83 3676 1840 3753; baseline 0.001 -15"><span class='ocrx_word' id='word_1_549' title='bbox 83 3679 169 3738; x_wconf 85' lang='lat' dir='ltr'>nostis</span> <span class='ocrx_word' id='word_1_550' title='bbox 192 3678 272 3752; x_wconf 88' lang='lat' dir='ltr'>ejns;</span> <span class='ocrx_word' id='word_1_551' title='bbox 301 3697 315 3730; x_wconf 80' lang='lat' dir='ltr'>r</span> <span class='ocrx_word' id='word_1_552' title='bbox 341 3692 411 3737; x_wconf 79' lang='lat' dir='ltr'>mox·</span> <span class='ocrx_word' id='word_1_553' title='bbox 437 3676 547 3736; x_wconf 89' lang='lat' dir='ltr'>addidit</span> <span class='ocrx_word' id='word_1_554' title='bbox 564 3700 570 3736; x_wconf 92' lang='lat'>:</span> <span class='ocrx_word' id='word_1_555' title='bbox 590 3702 603 3726; x_wconf 69' lang='grc' dir='ltr'>ε</span> <span class='ocrx_word' id='word_1_556' title='bbox 621 3676 656 3735; x_wconf 80' lang='lat' dir='ltr'>llt</span> <span class='ocrx_word' id='word_1_557' title='bbox 678 3676 799 3751; x_wconf 87' lang='lat' dir='ltr'>replerit</span> <span class='ocrx_word' id='word_1_558' title='bbox 822 3692 941 3736; x_wconf 89' lang='lat' dir='ltr'>carnem</span> <span class='ocrx_word' id='word_1_559' title='bbox 981 3678 1033 3753; x_wconf 83' lang='lat' dir='ltr'>qni</span> <span class='ocrx_word' id='word_1_560' title='bbox 1052 3677 1088 3738; x_wconf 90' lang='lat' dir='ltr'>ab</span> <span class='ocrx_word' id='word_1_561' title='bbox 1108 3677 1321 3753; x_wconf 78' lang='lat' dir='ltr'>Hierosolymis</span> <span class='ocrx_word' id='word_1_562' title='bbox 1346 3680 1564 3750; x_wconf 77' lang='lat' dir='ltr'>descenderant.</span> <span class='ocrx_word' id='word_1_563' title='bbox 1582 3680 1741 3740; x_wconf 88' lang='lat' dir='ltr'>dicebant:</span> <span class='ocrx_word' id='word_1_564' title='bbox 1760 3679 1840 3750; x_wconf 86' lang='lat' dir='ltr'>Quo·</span> 
     </span>
     <span class='ocr_line' id='line_1_39' title="bbox 84 3761 1842 3846; baseline 0 -19"><span class='ocrx_word' id='word_1_565' title='bbox 84 3761 136 3846; x_wconf 74' lang='lat' dir='ltr'>pro</span> <span class='ocrx_word' id='word_1_566' title='bbox 155 3785 188 3828; x_wconf 90' lang='lat' dir='ltr'>ea</span> <span class='ocrx_word' id='word_1_567' title='bbox 205 3771 279 3844; x_wconf 77' lang='lat' dir='ltr'>(den.</span> <span class='ocrx_word' id='word_1_568' title='bbox 298 3771 376 3836; x_wconf 79' lang='grc' dir='ltr'>ττ).”ε</span> <span class='ocrx_word' id='word_1_569' title='bbox 397 3769 509 3829; x_wconf 87' lang='lat' dir='ltr'>Poterat</span> <span class='ocrx_word' id='word_1_570' title='bbox 528 3783 631 3843; x_wconf 92' lang='lat' dir='ltr'>nempe</span> <span class='ocrx_word' id='word_1_571' title='bbox 646 3767 681 3827; x_wconf 90' lang='lat' dir='ltr'>ad</span> <span class='ocrx_word' id='word_1_572' title='bbox 702 3767 854 3826; x_wconf 89' lang='lat' dir='ltr'>mulierem</span> <span class='ocrx_word' id='word_1_573' title='bbox 870 3768 942 3842; x_wconf 89' lang='lat' dir='ltr'>plas-</span> <span class='ocrx_word' id='word_1_574' title='bbox 984 3766 1062 3824; x_wconf 90' lang='lat' dir='ltr'>niam</span> <span class='ocrx_word' id='word_1_575' title='bbox 1078 3765 1239 3826; x_wconf 84' lang='lat' dir='ltr'>Beelzebub</span> <span class='ocrx_word' id='word_1_576' title='bbox 1252 3767 1348 3840; x_wconf 88' lang='lat' dir='ltr'>babet,</span> <span class='ocrx_word' id='word_1_577' title='bbox 1363 3775 1391 3826; x_wconf 92' lang='lat' dir='ltr'>et</span> <span class='ocrx_word' id='word_1_578' title='bbox 1405 3769 1475 3844; x_wconf 90' lang='lat' dir='ltr'>qnia</span> <span class='ocrx_word' id='word_1_579' title='bbox 1491 3769 1520 3827; x_wconf 91' lang='lat' dir='ltr'>in</span> <span class='ocrx_word' id='word_1_580' title='bbox 1537 3769 1667 3844; x_wconf 91' lang='lat' dir='ltr'>principe</span> <span class='ocrx_word' id='word_1_581' title='bbox 1681 3767 1842 3827; x_wconf 76' lang='lat' dir='ltr'>daemonio</span> 
     </span>
     <span class='ocr_line' id='line_1_40' title="bbox 84 3856 1839 3934; baseline -0.001 -17"><span class='ocrx_word' id='word_1_582' title='bbox 84 3857 221 3918; x_wconf 89' lang='lat' dir='ltr'>mandam</span> <span class='ocrx_word' id='word_1_583' title='bbox 241 3874 358 3920; x_wconf 91' lang='lat' dir='ltr'>carnem</span> <span class='ocrx_word' id='word_1_584' title='bbox 376 3857 440 3917; x_wconf 82' lang='lat' dir='ltr'>viro</span> <span class='ocrx_word' id='word_1_585' title='bbox 459 3857 631 3923; x_wconf 80' lang='lat' dir='ltr'>detrahere.</span> <span class='ocrx_word' id='word_1_586' title='bbox 657 3863 768 3932; x_wconf 90' lang='lat' dir='ltr'>poterat</span> <span class='ocrx_word' id='word_1_587' title='bbox 786 3873 850 3917; x_wconf 83' lang='lat' dir='ltr'>osso</span> <span class='ocrx_word' id='word_1_588' title='bbox 869 3858 943 3918; x_wconf 90' lang='lat' dir='ltr'>ossis</span> <span class='ocrx_word' id='word_1_589' title='bbox 985 3872 1050 3916; x_wconf 89' lang='lat' dir='ltr'>rum</span> <span class='ocrx_word' id='word_1_590' title='bbox 1065 3856 1144 3929; x_wconf 86' lang='lat' dir='ltr'>ejicit</span> <span class='ocrx_word' id='word_1_591' title='bbox 1160 3856 1305 3917; x_wconf 64' lang='lat' dir='ltr'>daemonia</span> <span class='ocrx_word' id='word_1_592' title='bbox 1323 3859 1449 3928; x_wconf 77' lang='lat' dir='ltr'>(ibid.)›</span> <span class='ocrx_word' id='word_1_593' title='bbox 1470 3856 1683 3928; x_wconf 81' lang='lat' dir='ltr'>Fortunatam,</span> <span class='ocrx_word' id='word_1_594' title='bbox 1697 3858 1767 3934; x_wconf 86' lang='lat' dir='ltr'>qttia</span> <span class='ocrx_word' id='word_1_595' title='bbox 1791 3873 1839 3916; x_wconf 86' lang='lat' dir='ltr'>sa·</span> 
     </span>
     <span class='ocr_line' id='line_1_41' title="bbox 86 3947 1841 4025; baseline 0.001 -17"><span class='ocrx_word' id='word_1_596' title='bbox 86 3947 273 4025; x_wconf 89' lang='lat' dir='ltr'>dispendium</span> <span class='ocrx_word' id='word_1_597' title='bbox 294 3948 326 4007; x_wconf 93' lang='lat' dir='ltr'>in</span> <span class='ocrx_word' id='word_1_598' title='bbox 353 3947 486 4007; x_wconf 88' lang='lat' dir='ltr'>mutilato</span> <span class='ocrx_word' id='word_1_599' title='bbox 512 3961 630 4020; x_wconf 86' lang='lat' dir='ltr'>corpore</span> <span class='ocrx_word' id='word_1_600' title='bbox 655 3953 825 4020; x_wconf 88' lang='lat' dir='ltr'>restaurare,</span> <span class='ocrx_word' id='word_1_601' title='bbox 842 3947 891 4007; x_wconf 92' lang='lat' dir='ltr'>sed</span> <span class='ocrx_word' id='word_1_602' title='bbox 911 3964 943 4008; x_wconf 93' lang='lat' dir='ltr'>os</span> <span class='ocrx_word' id='word_1_603' title='bbox 985 3948 1054 4006; x_wconf 71' lang='lat' dir='ltr'>lirae</span> <span class='ocrx_word' id='word_1_604' title='bbox 1068 3949 1236 4022; x_wconf 85' lang='lat' dir='ltr'>frequenter</span> <span class='ocrx_word' id='word_1_605' title='bbox 1257 3964 1295 4007; x_wconf 79' lang='lat' dir='ltr'>ex</span> <span class='ocrx_word' id='word_1_606' title='bbox 1312 3948 1470 4008; x_wconf 89' lang='lat' dir='ltr'>infantium</span> <span class='ocrx_word' id='word_1_607' title='bbox 1488 3965 1538 4010; x_wconf 93' lang='lat' dir='ltr'>ore</span> <span class='ocrx_word' id='word_1_608' title='bbox 1552 3949 1724 4021; x_wconf 90' lang='lat' dir='ltr'>decurrunt,</span> <span class='ocrx_word' id='word_1_609' title='bbox 1741 3965 1841 4010; x_wconf 87' lang='lat' dir='ltr'>nonne</span> 
     </span>
     <span class='ocr_line' id='line_1_42' title="bbox 86 4034 1841 4115; baseline 0.003 -20"><span class='ocrx_word' id='word_1_610' title='bbox 86 4038 154 4097; x_wconf 89' lang='lat' dir='ltr'>tulit</span> <span class='ocrx_word' id='word_1_611' title='bbox 176 4044 203 4097; x_wconf 91' lang='lat' dir='ltr'>et</span> <span class='ocrx_word' id='word_1_612' title='bbox 227 4053 342 4098; x_wconf 90' lang='lat' dir='ltr'>carnem</span> <span class='ocrx_word' id='word_1_613' title='bbox 359 4035 493 4106; x_wconf 90' lang='lat' dir='ltr'>reddidit,</span> <span class='ocrx_word' id='word_1_614' title='bbox 507 4035 605 4112; x_wconf 87' lang='lat' dir='ltr'>sicque</span> <span class='ocrx_word' id='word_1_615' title='bbox 627 4034 760 4110; x_wconf 77' lang='lat' dir='ltr'>fragilem</span> <span class='ocrx_word' id='word_1_616' title='bbox 782 4037 816 4099; x_wconf 89' lang='lat' dir='ltr'>de</span> <span class='ocrx_word' id='word_1_617' title='bbox 837 4038 944 4098; x_wconf 76' lang='lat' dir='ltr'>virtuto</span> <span class='ocrx_word' id='word_1_618' title='bbox 986 4039 1067 4096; x_wconf 80' lang='lat' dir='ltr'>vetut</span> <span class='ocrx_word' id='word_1_619' title='bbox 1091 4038 1236 4098; x_wconf 86' lang='lat' dir='ltr'>infantilia</span> <span class='ocrx_word' id='word_1_620' title='bbox 1265 4038 1440 4100; x_wconf 85' lang='lat' dir='ltr'>videbantur</span> <span class='ocrx_word' id='word_1_621' title='bbox 1465 4042 1576 4115; x_wconf 85' lang='lat' dir='ltr'>verba,</span> <span class='ocrx_word' id='word_1_622' title='bbox 1601 4057 1668 4102; x_wconf 91' lang='lat' dir='ltr'>cnm</span> <span class='ocrx_word' id='word_1_623' title='bbox 1698 4041 1807 4101; x_wconf 87' lang='lat' dir='ltr'>diceret</span> <span class='ocrx_word' id='word_1_624' title='bbox 1832 4063 1841 4101; x_wconf 73' lang='grc' dir='ltr'>ι</span> 
     </span>
     <span class='ocr_line' id='line_1_43' title="bbox 87 4127 1843 4191; baseline 0 -2"><span class='ocrx_word' id='word_1_625' title='bbox 87 4128 232 4191; x_wconf 81' lang='lat' dir='ltr'>formavit.</span> <span class='ocrx_word' id='word_1_626' title='bbox 987 4127 1080 4186; x_wconf 80' lang='lat' dir='ltr'>«Nisi</span> <span class='ocrx_word' id='word_1_627' title='bbox 1101 4127 1346 4188; x_wconf 84' lang='lat' dir='ltr'>manducaveritis</span> <span class='ocrx_word' id='word_1_628' title='bbox 1365 4145 1483 4189; x_wconf 89' lang='lat' dir='ltr'>carnem</span> <span class='ocrx_word' id='word_1_629' title='bbox 1498 4129 1565 4190; x_wconf 81' lang='lat' dir='ltr'>Filii</span> <span class='ocrx_word' id='word_1_630' title='bbox 1583 4128 1714 4190; x_wconf 86' lang='lat' dir='ltr'>bominis</span> <span class='ocrx_word' id='word_1_631' title='bbox 1728 4135 1756 4188; x_wconf 89' lang='lat' dir='ltr'>ct</span> <span class='ocrx_word' id='word_1_632' title='bbox 1767 4128 1843 4189; x_wconf 79' lang='lat' dir='ltr'>bibe</span> 
     </span>
     <span class='ocr_line' id='line_1_44' title="bbox 124 4213 1843 4292; baseline 0.001 -17"><span class='ocrx_word' id='word_1_633' title='bbox 124 4215 233 4276; x_wconf 89' lang='lat' dir='ltr'>Debilis</span> <span class='ocrx_word' id='word_1_634' title='bbox 259 4215 356 4289; x_wconf 82' lang='lat' dir='ltr'>itaque</span> <span class='ocrx_word' id='word_1_635' title='bbox 384 4215 477 4274; x_wconf 88' lang='lat' dir='ltr'>factus</span> <span class='ocrx_word' id='word_1_636' title='bbox 503 4220 545 4274; x_wconf 92' lang='grc' dir='ltr'>εει</span> <span class='ocrx_word' id='word_1_637' title='bbox 576 4213 728 4282; x_wconf 80' lang='lat' dir='ltr'>Adamut</span> <span class='ocrx_word' id='word_1_638' title='bbox 754 4215 836 4274; x_wconf 86' lang='lat' dir='ltr'>fortis</span> <span class='ocrx_word' id='word_1_639' title='bbox 864 4216 946 4275; x_wconf 87' lang='lat' dir='ltr'>fleret</span> <span class='ocrx_word' id='word_1_640' title='bbox 986 4218 1050 4276; x_wconf 88' lang='lat' dir='ltr'>ritis</span> <span class='ocrx_word' id='word_1_641' title='bbox 1070 4217 1133 4292; x_wconf 86' lang='lat' dir='ltr'>ejus</span> <span class='ocrx_word' id='word_1_642' title='bbox 1144 4218 1327 4291; x_wconf 81' lang='lat' dir='ltr'>sangninem,</span> <span class='ocrx_word' id='word_1_643' title='bbox 1344 4235 1402 4279; x_wconf 91' lang='lat' dir='ltr'>non</span> <span class='ocrx_word' id='word_1_644' title='bbox 1420 4219 1563 4280; x_wconf 89' lang='lat' dir='ltr'>babebitis</span> <span class='ocrx_word' id='word_1_645' title='bbox 1576 4220 1666 4279; x_wconf 85' lang='lat' dir='ltr'>vitam</span> <span class='ocrx_word' id='word_1_646' title='bbox 1689 4218 1843 4279; x_wconf 81' lang='lat' dir='ltr'>innobis?</span> 
     </span>
     <span class='ocr_line' id='line_1_45' title="bbox 89 4301 1843 4382; baseline -0.001 -17"><span class='ocrx_word' id='word_1_647' title='bbox 89 4306 159 4366; x_wconf 79' lang='lat' dir='ltr'>Sua.</span> <span class='ocrx_word' id='word_1_648' title='bbox 178 4303 349 4362; x_wconf 86' lang='lat' dir='ltr'>Infirmatus</span> <span class='ocrx_word' id='word_1_649' title='bbox 367 4308 409 4360; x_wconf 90' lang='lat' dir='ltr'>est</span> <span class='ocrx_word' id='word_1_650' title='bbox 429 4301 573 4370; x_wconf 80' lang='lat' dir='ltr'>caristus,</span> <span class='ocrx_word' id='word_1_651' title='bbox 597 4308 628 4359; x_wconf 90' lang='lat' dir='ltr'>ut</span> <span class='ocrx_word' id='word_1_652' title='bbox 647 4303 830 4362; x_wconf 88' lang='lat' dir='ltr'>roboraretur</span> <span class='ocrx_word' id='word_1_653' title='bbox 847 4303 944 4362; x_wconf 80' lang='lat' dir='ltr'>licelc·</span> <span class='ocrx_word' id='word_1_654' title='bbox 986 4305 1068 4376; x_wconf 85' lang='lat' dir='ltr'>Quod</span> <span class='ocrx_word' id='word_1_655' title='bbox 1094 4305 1245 4365; x_wconf 88' lang='lat' dir='ltr'>audientes</span> <span class='ocrx_word' id='word_1_656' title='bbox 1266 4305 1413 4382; x_wconf 88' lang='lat' dir='ltr'>discipuli,</span> <span class='ocrx_word' id='word_1_657' title='bbox 1437 4308 1594 4367; x_wconf 89' lang='lat' dir='ltr'>dicebant:</span> <span class='ocrx_word' id='word_1_658' title='bbox 1615 4308 1714 4368; x_wconf 87' lang='lat' dir='ltr'>Durus</span> <span class='ocrx_word' id='word_1_659' title='bbox 1732 4313 1775 4366; x_wconf 88' lang='lat' dir='ltr'>est</span> <span class='ocrx_word' id='word_1_660' title='bbox 1794 4305 1843 4365; x_wconf 87' lang='lat' dir='ltr'>bic</span> 
     </span>
     <span class='ocr_line' id='line_1_46' title="bbox 87 4389 1846 4472; baseline 0 -17"><span class='ocrx_word' id='word_1_661' title='bbox 87 4397 141 4455; x_wconf 88' lang='lat' dir='ltr'>sia.</span> <span class='ocrx_word' id='word_1_662' title='bbox 165 4392 252 4453; x_wconf 91' lang='lat' dir='ltr'>Illius</span> <span class='ocrx_word' id='word_1_663' title='bbox 275 4390 356 4451; x_wconf 87' lang='lat' dir='ltr'>enirn</span> <span class='ocrx_word' id='word_1_664' title='bbox 380 4389 535 4449; x_wconf 87' lang='lat' dir='ltr'>infirmitas</span> <span class='ocrx_word' id='word_1_665' title='bbox 559 4396 656 4448; x_wconf 89' lang='lat' dir='ltr'>nostra</span> <span class='ocrx_word' id='word_1_666' title='bbox 681 4395 723 4448; x_wconf 86' lang='lat' dir='ltr'>est</span> <span class='ocrx_word' id='word_1_667' title='bbox 753 4390 900 4462; x_wconf 90' lang='lat' dir='ltr'>fortitudo,</span> <span class='ocrx_word' id='word_1_668' title='bbox 918 4397 946 4449; x_wconf 90' lang='grc' dir='ltr'>ει</span> <span class='ocrx_word' id='word_1_669' title='bbox 987 4411 1092 4467; x_wconf 83' lang='lat' dir='ltr'>sermo,</span> <span class='ocrx_word' id='word_1_670' title='bbox 1106 4401 1132 4455; x_wconf 93' lang='lat' dir='ltr'>et</span> <span class='ocrx_word' id='word_1_671' title='bbox 1147 4396 1213 4472; x_wconf 84' lang='lat' dir='ltr'>quis</span> <span class='ocrx_word' id='word_1_672' title='bbox 1228 4402 1319 4471; x_wconf 82' lang='lat' dir='ltr'>potest</span> <span class='ocrx_word' id='word_1_673' title='bbox 1331 4412 1400 4457; x_wconf 75' lang='lat' dir='ltr'>enin</span> <span class='ocrx_word' id='word_1_674' title='bbox 1412 4396 1536 4457; x_wconf 81' lang='lat' dir='ltr'>audite?</span> <span class='ocrx_word' id='word_1_675' title='bbox 1549 4423 1562 4446; x_wconf 68' lang='grc' dir='ltr'><strong>υ</strong></span> <span class='ocrx_word' id='word_1_676' title='bbox 1580 4401 1669 4462; x_wconf 53' lang='lat' dir='ltr'>atoue.</span> <span class='ocrx_word' id='word_1_677' title='bbox 1680 4396 1778 4463; x_wconf 76' lang='lat' dir='ltr'>vullit</span> <span class='ocrx_word' id='word_1_678' title='bbox 1791 4396 1846 4455; x_wconf 88' lang='lat' dir='ltr'>sic·</span> 
     </span>
     <span class='ocr_line' id='line_1_47' title="bbox 88 4478 1845 4560; baseline -0.002 -15"><span class='ocrx_word' id='word_1_679' title='bbox 88 4484 124 4545; x_wconf 91' lang='lat' dir='ltr'>ad</span> <span class='ocrx_word' id='word_1_680' title='bbox 151 4485 206 4543; x_wconf 86' lang='lat' dir='ltr'>boc</span> <span class='ocrx_word' id='word_1_681' title='bbox 233 4480 282 4541; x_wconf 89' lang='lat' dir='ltr'>ille</span> <span class='ocrx_word' id='word_1_682' title='bbox 310 4484 439 4540; x_wconf 88' lang='lat' dir='ltr'>nostram</span> <span class='ocrx_word' id='word_1_683' title='bbox 463 4478 581 4556; x_wconf 89' lang='lat' dir='ltr'>pertulit</span> <span class='ocrx_word' id='word_1_684' title='bbox 606 4479 819 4547; x_wconf 81' lang='lat' dir='ltr'>infirmitatem,</span> <span class='ocrx_word' id='word_1_685' title='bbox 851 4487 883 4538; x_wconf 93' lang='lat' dir='ltr'>nt</span> <span class='ocrx_word' id='word_1_686' title='bbox 909 4480 944 4538; x_wconf 92' lang='lat' dir='ltr'>ad</span> <span class='ocrx_word' id='word_1_687' title='bbox 989 4483 1214 4558; x_wconf 82' lang='lat' dir='ltr'>utevangelista</span> <span class='ocrx_word' id='word_1_688' title='bbox 1233 4483 1329 4550; x_wconf 83' lang='lat' dir='ltr'>refert,</span> <span class='ocrx_word' id='word_1_689' title='bbox 1352 4484 1441 4560; x_wconf 78' lang='lat' dir='ltr'>«jam</span> <span class='ocrx_word' id='word_1_690' title='bbox 1463 4500 1521 4546; x_wconf 93' lang='lat' dir='ltr'>non</span> <span class='ocrx_word' id='word_1_691' title='bbox 1545 4498 1612 4543; x_wconf 91' lang='lat' dir='ltr'>cum</span> <span class='ocrx_word' id='word_1_692' title='bbox 1636 4482 1688 4543; x_wconf 91' lang='lat' dir='ltr'>illo</span> <span class='ocrx_word' id='word_1_693' title='bbox 1707 4481 1845 4542; x_wconf 88' lang='lat' dir='ltr'>ambula·</span> 
     </span>
     <span class='ocr_line' id='line_1_48' title="bbox 89 4543 1844 4644; baseline -0.003 -11"><span class='ocrx_word' id='word_1_694' title='bbox 89 4588 172 4633; x_wconf 85' lang='lat' dir='ltr'>suain</span> <span class='ocrx_word' id='word_1_695' title='bbox 194 4586 248 4631; x_wconf 92' lang='lat' dir='ltr'>nos</span> <span class='ocrx_word' id='word_1_696' title='bbox 271 4575 408 4629; x_wconf 89' lang='lat' dir='ltr'>statueret</span> <span class='ocrx_word' id='word_1_697' title='bbox 430 4567 640 4629; x_wconf 76' lang='lat' dir='ltr'>fortitudinem.</span> <span class='ocrx_word' id='word_1_698' title='bbox 660 4592 670 4622; x_wconf 75' lang='grc' dir='ltr'>ε</span> <span class='ocrx_word' id='word_1_699' title='bbox 688 4567 767 4639; x_wconf 84' lang='lat' dir='ltr'>Quod</span> <span class='ocrx_word' id='word_1_700' title='bbox 792 4543 1099 4628; x_wconf 70' lang='lat' dir='ltr'>infirmanbant.»</span> <span class='ocrx_word' id='word_1_701' title='bbox 1129 4570 1184 4630; x_wconf 85' lang='lat' dir='ltr'>Sed</span> <span class='ocrx_word' id='word_1_702' title='bbox 1210 4571 1273 4631; x_wconf 82' lang='lat' dir='ltr'>istae</span> <span class='ocrx_word' id='word_1_703' title='bbox 1300 4570 1400 4631; x_wconf 80' lang='lat' dir='ltr'>salirae</span> <span class='ocrx_word' id='word_1_704' title='bbox 1427 4571 1546 4631; x_wconf 89' lang='lat' dir='ltr'>barbam</span> <span class='ocrx_word' id='word_1_705' title='bbox 1579 4570 1672 4630; x_wconf 82' lang='lat' dir='ltr'>David</span> <span class='ocrx_word' id='word_1_706' title='bbox 1700 4568 1844 4644; x_wconf 81' lang='lat' dir='ltr'>tegebant,</span> 
     </span>
     <span class='ocr_line' id='line_1_49' title="bbox 89 4658 1846 4735; baseline -0.003 -13"><span class='ocrx_word' id='word_1_707' title='bbox 89 4670 130 4722; x_wconf 89' lang='lat' dir='ltr'>est</span> <span class='ocrx_word' id='word_1_708' title='bbox 147 4658 880 4735; x_wconf 78' lang='lat' dir='ltr'>Dei,aittlpost0lus,fortiusestlrominibnstlcor.</span> <span class='ocrx_word' id='word_1_709' title='bbox 897 4670 942 4730; x_wconf 79' lang='lat' dir='ltr'>tp·</span> <span class='ocrx_word' id='word_1_710' title='bbox 988 4660 1058 4735; x_wconf 84' lang='lat' dir='ltr'>quia</span> <span class='ocrx_word' id='word_1_711' title='bbox 1081 4661 1137 4719; x_wconf 92' lang='lat' dir='ltr'>sub</span> <span class='ocrx_word' id='word_1_712' title='bbox 1163 4660 1209 4719; x_wconf 88' lang='lat' dir='ltr'>bis</span> <span class='ocrx_word' id='word_1_713' title='bbox 1233 4660 1416 4720; x_wconf 89' lang='lat' dir='ltr'>infantilibus</span> <span class='ocrx_word' id='word_1_714' title='bbox 1434 4661 1531 4721; x_wconf 82' lang='lat' dir='ltr'>verbis</span> <span class='ocrx_word' id='word_1_715' title='bbox 1554 4659 1646 4721; x_wconf 86' lang='lat' dir='ltr'>virtus</span> <span class='ocrx_word' id='word_1_716' title='bbox 1673 4658 1776 4719; x_wconf 82' lang='lat' dir='ltr'>divina</span> <span class='ocrx_word' id='word_1_717' title='bbox 1800 4659 1846 4717; x_wconf 85' lang='lat' dir='ltr'>la·</span> 
     </span>
     <span class='ocr_line' id='line_1_50' title="bbox 90 4747 1076 4816; baseline -0.005 -4"><span class='ocrx_word' id='word_1_718' title='bbox 90 4753 126 4812; x_wconf 82' lang='lat' dir='ltr'>Et</span> <span class='ocrx_word' id='word_1_719' title='bbox 150 4750 243 4816; x_wconf 84' lang='lat' dir='ltr'>alibi:</span> <span class='ocrx_word' id='word_1_720' title='bbox 272 4769 286 4804; x_wconf 81' lang='grc' dir='ltr'>ε</span> <span class='ocrx_word' id='word_1_721' title='bbox 314 4749 388 4808; x_wconf 90' lang='lat' dir='ltr'>Nam</span> <span class='ocrx_word' id='word_1_722' title='bbox 415 4747 468 4808; x_wconf 88' lang='lat' dir='ltr'>etsi</span> <span class='ocrx_word' id='word_1_723' title='bbox 495 4748 654 4808; x_wconf 84' lang='lat' dir='ltr'>crucifixus</span> <span class='ocrx_word' id='word_1_724' title='bbox 680 4754 722 4806; x_wconf 89' lang='lat' dir='ltr'>est</span> <span class='ocrx_word' id='word_1_725' title='bbox 748 4749 881 4808; x_wconf 74' lang='lat' dir='ltr'>tibristus</span> <span class='ocrx_word' id='word_1_726' title='bbox 908 4764 945 4808; x_wconf 84' lang='lat' dir='ltr'>ex</span> <span class='ocrx_word' id='word_1_727' title='bbox 990 4747 1076 4807; x_wconf 86' lang='lat' dir='ltr'>rebat.</span> 
     </span>
     <span class='ocr_line' id='line_1_51' title="bbox 90 4837 1845 4915; baseline -0.005 -14"><span class='ocrx_word' id='word_1_728' title='bbox 90 4840 330 4909; x_wconf 71' lang='lat' dir='ltr'>infirmitatemd</span> <span class='ocrx_word' id='word_1_729' title='bbox 353 4838 427 4900; x_wconf 85' lang='lat' dir='ltr'>vivit</span> <span class='ocrx_word' id='word_1_730' title='bbox 451 4855 488 4898; x_wconf 78' lang='lat' dir='ltr'>ex</span> <span class='ocrx_word' id='word_1_731' title='bbox 512 4837 617 4898; x_wconf 83' lang='lat' dir='ltr'>virtute</span> <span class='ocrx_word' id='word_1_732' title='bbox 640 4839 701 4897; x_wconf 86' lang='lat' dir='ltr'>Dei.</span> <span class='ocrx_word' id='word_1_733' title='bbox 717 4839 788 4898; x_wconf 89' lang='lat' dir='ltr'>Nam</span> <span class='ocrx_word' id='word_1_734' title='bbox 815 4839 869 4898; x_wconf 89' lang='lat' dir='ltr'>etsi</span> <span class='ocrx_word' id='word_1_735' title='bbox 894 4854 946 4899; x_wconf 91' lang='lat' dir='ltr'>nos</span> <span class='ocrx_word' id='word_1_736' title='bbox 1024 4838 1128 4897; x_wconf 80' lang='lat' dir='ltr'>Factus</span> <span class='ocrx_word' id='word_1_737' title='bbox 1156 4847 1198 4898; x_wconf 87' lang='lat' dir='ltr'>cst</span> <span class='ocrx_word' id='word_1_738' title='bbox 1226 4854 1294 4914; x_wconf 86' lang='lat' dir='ltr'>ergo</span> <span class='ocrx_word' id='word_1_739' title='bbox 1320 4839 1494 4915; x_wconf 81' lang='lat' dir='ltr'>Redemptor</span> <span class='ocrx_word' id='word_1_740' title='bbox 1521 4845 1617 4898; x_wconf 88' lang='lat' dir='ltr'>noster</span> <span class='ocrx_word' id='word_1_741' title='bbox 1639 4837 1787 4907; x_wconf 83' lang='lat' dir='ltr'>infirmus,</span> <span class='ocrx_word' id='word_1_742' title='bbox 1812 4843 1845 4895; x_wconf 89' lang='lat' dir='ltr'>nt</span> 
     </span>
     <span class='ocr_line' id='line_1_52' title="bbox 91 4924 1846 5001; baseline -0.005 -10"><span class='ocrx_word' id='word_1_743' title='bbox 91 4931 316 4991; x_wconf 88' lang='lat' dir='ltr'>inllrtnisumns</span> <span class='ocrx_word' id='word_1_744' title='bbox 331 4929 361 4987; x_wconf 91' lang='lat' dir='ltr'>in</span> <span class='ocrx_word' id='word_1_745' title='bbox 380 4928 440 4999; x_wconf 82' lang='lat' dir='ltr'>illo,</span> <span class='ocrx_word' id='word_1_746' title='bbox 455 4927 505 4987; x_wconf 78' lang='lat' dir='ltr'>scd</span> <span class='ocrx_word' id='word_1_747' title='bbox 518 4928 647 4987; x_wconf 81' lang='lat' dir='ltr'>vivimus</span> <span class='ocrx_word' id='word_1_748' title='bbox 660 4943 726 4988; x_wconf 88' lang='lat' dir='ltr'>rum</span> <span class='ocrx_word' id='word_1_749' title='bbox 741 4945 774 4987; x_wconf 93' lang='lat' dir='ltr'>eo</span> <span class='ocrx_word' id='word_1_750' title='bbox 788 4945 825 4988; x_wconf 84' lang='lat' dir='ltr'>rx</span> <span class='ocrx_word' id='word_1_751' title='bbox 841 4929 946 4988; x_wconf 85' lang='lat' dir='ltr'>virtute</span> <span class='ocrx_word' id='word_1_752' title='bbox 991 4943 1042 4986; x_wconf 90' lang='lat' dir='ltr'>nos</span> <span class='ocrx_word' id='word_1_753' title='bbox 1065 4928 1150 4987; x_wconf 86' lang='lat' dir='ltr'>fortes</span> <span class='ocrx_word' id='word_1_754' title='bbox 1173 4926 1310 5001; x_wconf 74' lang='lat' dir='ltr'>efficeret,</span> <span class='ocrx_word' id='word_1_755' title='bbox 1327 4928 1407 4988; x_wconf 82' lang='lat' dir='ltr'>visus</span> <span class='ocrx_word' id='word_1_756' title='bbox 1428 4935 1471 4986; x_wconf 90' lang='lat' dir='ltr'>est</span> <span class='ocrx_word' id='word_1_757' title='bbox 1496 4926 1614 4997; x_wconf 89' lang='lat' dir='ltr'>stultus,</span> <span class='ocrx_word' id='word_1_758' title='bbox 1632 4933 1665 4985; x_wconf 87' lang='lat' dir='ltr'>nt</span> <span class='ocrx_word' id='word_1_759' title='bbox 1685 4924 1721 4984; x_wconf 89' lang='lat' dir='ltr'>ad</span> <span class='ocrx_word' id='word_1_760' title='bbox 1743 4938 1846 4983; x_wconf 84' lang='lat' dir='ltr'>veram</span> 
     </span>
     <span class='ocr_line' id='line_1_53' title="bbox 91 5013 1842 5095; baseline -0.006 -13"><span class='ocrx_word' id='word_1_761' title='bbox 91 5022 142 5082; x_wconf 82' lang='lat' dir='ltr'>lloi</span> <span class='ocrx_word' id='word_1_762' title='bbox 165 5027 205 5092; x_wconf 87' lang='lat' dir='ltr'>(ti</span> <span class='ocrx_word' id='word_1_763' title='bbox 226 5019 586 5086; x_wconf 76' lang='lat' dir='ltr'>eor.x111).»unimvero</span> <span class='ocrx_word' id='word_1_764' title='bbox 609 5018 709 5078; x_wconf 80' lang='lat' dir='ltr'>ementi</span> <span class='ocrx_word' id='word_1_765' title='bbox 736 5019 825 5094; x_wconf 85' lang='lat' dir='ltr'>nujus</span> <span class='ocrx_word' id='word_1_766' title='bbox 849 5020 945 5079; x_wconf 91' lang='lat' dir='ltr'>bomi-</span> <span class='ocrx_word' id='word_1_767' title='bbox 990 5036 1043 5080; x_wconf 91' lang='lat' dir='ltr'>nos</span> <span class='ocrx_word' id='word_1_768' title='bbox 1060 5020 1240 5095; x_wconf 79' lang='lat' dir='ltr'>‚sapientiam</span> <span class='ocrx_word' id='word_1_769' title='bbox 1268 5027 1421 5079; x_wconf 87' lang='lat' dir='ltr'>revocaret.</span> <span class='ocrx_word' id='word_1_770' title='bbox 1454 5017 1534 5077; x_wconf 87' lang='lat' dir='ltr'>Unde</span> <span class='ocrx_word' id='word_1_771' title='bbox 1561 5016 1632 5075; x_wconf 86' lang='lat' dir='ltr'>dicit</span> <span class='ocrx_word' id='word_1_772' title='bbox 1657 5013 1842 5091; x_wconf 86' lang='lat' dir='ltr'>Apostolus:</span> 
     </span>
     <span class='ocr_line' id='line_1_54' title="bbox 92 5103 1844 5188; baseline -0.006 -16"><span class='ocrx_word' id='word_1_773' title='bbox 92 5130 152 5184; x_wconf 85' lang='lat' dir='ltr'>nes,</span> <span class='ocrx_word' id='word_1_774' title='bbox 178 5114 229 5187; x_wconf 81' lang='lat' dir='ltr'>oui</span> <span class='ocrx_word' id='word_1_775' title='bbox 255 5111 397 5174; x_wconf 91' lang='lat' dir='ltr'>bellorum</span> <span class='ocrx_word' id='word_1_776' title='bbox 422 5110 556 5171; x_wconf 90' lang='lat' dir='ltr'>ambiunt</span> <span class='ocrx_word' id='word_1_777' title='bbox 577 5110 683 5170; x_wconf 88' lang='lat' dir='ltr'>virttrte</span> <span class='ocrx_word' id='word_1_778' title='bbox 708 5111 873 5183; x_wconf 86' lang='lat' dir='ltr'>clarescere,</span> <span class='ocrx_word' id='word_1_779' title='bbox 893 5112 946 5188; x_wconf 88' lang='lat' dir='ltr'>qui</span> <span class='ocrx_word' id='word_1_780' title='bbox 992 5108 1092 5180; x_wconf 81' lang='lat' dir='ltr'>«Quia</span> <span class='ocrx_word' id='word_1_781' title='bbox 1107 5109 1181 5185; x_wconf 82' lang='lat' dir='ltr'>qnod</span> <span class='ocrx_word' id='word_1_782' title='bbox 1203 5111 1379 5168; x_wconf 64' lang='lat' dir='ltr'>stultnrnost</span> <span class='ocrx_word' id='word_1_783' title='bbox 1394 5108 1455 5178; x_wconf 76' lang='lat' dir='ltr'>Dei,</span> <span class='ocrx_word' id='word_1_784' title='bbox 1476 5106 1638 5181; x_wconf 85' lang='lat' dir='ltr'>sapientias</span> <span class='ocrx_word' id='word_1_785' title='bbox 1653 5110 1697 5164; x_wconf 89' lang='lat' dir='ltr'>est</span> <span class='ocrx_word' id='word_1_786' title='bbox 1716 5103 1844 5164; x_wconf 89' lang='lat' dir='ltr'>bomini·</span> 
     </span>
     <span class='ocr_line' id='line_1_55' title="bbox 92 5198 1844 5280; baseline -0.005 -18"><span class='ocrx_word' id='word_1_787' title='bbox 92 5221 143 5280; x_wconf 82' lang='lat' dir='ltr'>prr</span> <span class='ocrx_word' id='word_1_788' title='bbox 164 5219 213 5262; x_wconf 88' lang='lat' dir='ltr'>ora</span> <span class='ocrx_word' id='word_1_789' title='bbox 241 5202 322 5280; x_wconf 81' lang='lat' dir='ltr'>vulgi</span> <span class='ocrx_word' id='word_1_790' title='bbox 348 5217 415 5262; x_wconf 89' lang='lat' dir='ltr'>suas</span> <span class='ocrx_word' id='word_1_791' title='bbox 438 5206 536 5276; x_wconf 89' lang='lat' dir='ltr'>optant</span> <span class='ocrx_word' id='word_1_792' title='bbox 559 5199 692 5260; x_wconf 88' lang='lat' dir='ltr'>victorias</span> <span class='ocrx_word' id='word_1_793' title='bbox 715 5202 863 5275; x_wconf 88' lang='lat' dir='ltr'>celebrari,</span> <span class='ocrx_word' id='word_1_794' title='bbox 879 5219 945 5263; x_wconf 91' lang='lat' dir='ltr'>cnm</span> <span class='ocrx_word' id='word_1_795' title='bbox 988 5204 1055 5264; x_wconf 89' lang='lat' dir='ltr'>bns.</span> <span class='ocrx_word' id='word_1_796' title='bbox 1073 5227 1084 5254; x_wconf 82' lang='lat'><strong>·</strong></span> <span class='ocrx_word' id='word_1_797' title='bbox 1102 5201 1137 5260; x_wconf 83' lang='lat' dir='ltr'>lit</span> <span class='ocrx_word' id='word_1_798' title='bbox 1151 5202 1238 5276; x_wconf 86' lang='lat' dir='ltr'>paulo</span> <span class='ocrx_word' id='word_1_799' title='bbox 1251 5202 1406 5277; x_wconf 86' lang='lat' dir='ltr'>superins:</span> <span class='ocrx_word' id='word_1_800' title='bbox 1435 5199 1534 5271; x_wconf 78' lang='lat' dir='ltr'>«Onia</span> <span class='ocrx_word' id='word_1_801' title='bbox 1549 5214 1607 5259; x_wconf 90' lang='lat' dir='ltr'>non</span> <span class='ocrx_word' id='word_1_802' title='bbox 1622 5198 1740 5273; x_wconf 77' lang='lat' dir='ltr'>agnovit</span> <span class='ocrx_word' id='word_1_803' title='bbox 1755 5210 1844 5255; x_wconf 90' lang='lat' dir='ltr'>mun·</span> 
     </span>
     <span class='ocr_line' id='line_1_56' title="bbox 91 5282 1847 5367; baseline -0.006 -13"><span class='ocrx_word' id='word_1_804' title='bbox 91 5292 249 5365; x_wconf 74' lang='lat' dir='ltr'>ingressuri</span> <span class='ocrx_word' id='word_1_805' title='bbox 265 5300 334 5354; x_wconf 88' lang='lat' dir='ltr'>sunt</span> <span class='ocrx_word' id='word_1_806' title='bbox 351 5291 489 5367; x_wconf 84' lang='lat' dir='ltr'>prattnrn</span> <span class='ocrx_word' id='word_1_807' title='bbox 506 5289 535 5348; x_wconf 89' lang='lat' dir='ltr'>in</span> <span class='ocrx_word' id='word_1_808' title='bbox 556 5305 673 5367; x_wconf 90' lang='lat' dir='ltr'>corpore</span> <span class='ocrx_word' id='word_1_809' title='bbox 693 5306 754 5360; x_wconf 90' lang='lat' dir='ltr'>suo,</span> <span class='ocrx_word' id='word_1_810' title='bbox 770 5292 846 5366; x_wconf 83' lang='lat' dir='ltr'>qnod</span> <span class='ocrx_word' id='word_1_811' title='bbox 861 5291 945 5351; x_wconf 86' lang='lat' dir='ltr'>indr-</span> <span class='ocrx_word' id='word_1_812' title='bbox 989 5291 1105 5366; x_wconf 90' lang='lat' dir='ltr'>dnsper</span> <span class='ocrx_word' id='word_1_813' title='bbox 1123 5291 1293 5364; x_wconf 85' lang='lat' dir='ltr'>sapientiam</span> <span class='ocrx_word' id='word_1_814' title='bbox 1307 5289 1408 5359; x_wconf 85' lang='lat' dir='ltr'>ileum,</span> <span class='ocrx_word' id='word_1_815' title='bbox 1423 5287 1531 5363; x_wconf 84' lang='lat' dir='ltr'>placuit</span> <span class='ocrx_word' id='word_1_816' title='bbox 1545 5286 1605 5346; x_wconf 87' lang='lat' dir='ltr'>Deo</span> <span class='ocrx_word' id='word_1_817' title='bbox 1624 5300 1675 5360; x_wconf 88' lang='grc' dir='ltr'>ρετ</span> <span class='ocrx_word' id='word_1_818' title='bbox 1688 5282 1847 5343; x_wconf 90' lang='lat' dir='ltr'>stultitiam</span> 
     </span>
     <span class='ocr_line' id='line_1_57' title="bbox 94 5374 1845 5456; baseline -0.007 -14"><span class='ocrx_word' id='word_1_819' title='bbox 94 5397 176 5444; x_wconf 90' lang='lat' dir='ltr'>mum</span> <span class='ocrx_word' id='word_1_820' title='bbox 192 5387 235 5441; x_wconf 87' lang='grc' dir='ltr'>εει</span> <span class='ocrx_word' id='word_1_821' title='bbox 252 5389 279 5441; x_wconf 84' lang='grc' dir='ltr'>ει</span> <span class='ocrx_word' id='word_1_822' title='bbox 294 5380 383 5442; x_wconf 91' lang='lat' dir='ltr'>molle</span> <span class='ocrx_word' id='word_1_823' title='bbox 401 5379 572 5455; x_wconf 71' lang='lat' dir='ltr'>subiiciunt,</span> <span class='ocrx_word' id='word_1_824' title='bbox 588 5380 663 5454; x_wconf 79' lang='lat' dir='ltr'>quod</span> <span class='ocrx_word' id='word_1_825' title='bbox 684 5379 790 5441; x_wconf 87' lang='lat' dir='ltr'>durum</span> <span class='ocrx_word' id='word_1_826' title='bbox 805 5387 947 5456; x_wconf 81' lang='lat' dir='ltr'>astatque</span> <span class='ocrx_word' id='word_1_827' title='bbox 988 5379 1203 5453; x_wconf 71' lang='lat' dir='ltr'>predicationis</span> <span class='ocrx_word' id='word_1_828' title='bbox 1231 5379 1326 5437; x_wconf 88' lang='lat' dir='ltr'>salvos</span> <span class='ocrx_word' id='word_1_829' title='bbox 1354 5379 1446 5438; x_wconf 88' lang='lat' dir='ltr'>lacere</span> <span class='ocrx_word' id='word_1_830' title='bbox 1474 5376 1623 5446; x_wconf 74' lang='lat' dir='ltr'>madentes</span> <span class='ocrx_word' id='word_1_831' title='bbox 1650 5374 1750 5442; x_wconf 83' lang='lat' dir='ltr'>(icor.</span> <span class='ocrx_word' id='word_1_832' title='bbox 1780 5376 1814 5442; x_wconf 86' lang='lat' dir='ltr'>t).</span> <span class='ocrx_word' id='word_1_833' title='bbox 1831 5394 1845 5420; x_wconf 85' lang='lat'><strong>·</strong></span> 
     </span>
     <span class='ocr_line' id='line_1_58' title="bbox 91 5461 1847 5547; baseline -0.006 -17"><span class='ocrx_word' id='word_1_834' title='bbox 91 5471 126 5530; x_wconf 91' lang='lat' dir='ltr'>ad</span> <span class='ocrx_word' id='word_1_835' title='bbox 141 5470 349 5547; x_wconf 89' lang='lat' dir='ltr'>penetrandum</span> <span class='ocrx_word' id='word_1_836' title='bbox 365 5468 480 5530; x_wconf 85' lang='lat' dir='ltr'>difficile</span> <span class='ocrx_word' id='word_1_837' title='bbox 494 5475 702 5545; x_wconf 86' lang='lat' dir='ltr'>superponunt.</span> <span class='ocrx_word' id='word_1_838' title='bbox 717 5468 827 5528; x_wconf 88' lang='lat' dir='ltr'>Loricis</span> <span class='ocrx_word' id='word_1_839' title='bbox 839 5470 947 5544; x_wconf 80' lang='lat' dir='ltr'>quippe</span> <span class='ocrx_word' id='word_1_840' title='bbox 989 5469 1047 5528; x_wconf 88' lang='lat' dir='ltr'>Nec</span> <span class='ocrx_word' id='word_1_841' title='bbox 1059 5469 1216 5542; x_wconf 80' lang='lat' dir='ltr'>indignum</span> <span class='ocrx_word' id='word_1_842' title='bbox 1231 5485 1318 5544; x_wconf 89' lang='lat' dir='ltr'>super</span> <span class='ocrx_word' id='word_1_843' title='bbox 1335 5468 1457 5528; x_wconf 87' lang='lat' dir='ltr'>Domino</span> <span class='ocrx_word' id='word_1_844' title='bbox 1477 5464 1626 5526; x_wconf 85' lang='lat' dir='ltr'>Salvatore</span> <span class='ocrx_word' id='word_1_845' title='bbox 1644 5471 1743 5523; x_wconf 88' lang='lat' dir='ltr'>nostro</span> <span class='ocrx_word' id='word_1_846' title='bbox 1757 5461 1847 5522; x_wconf 83' lang='lat' dir='ltr'>infir·</span> 
     </span>
     <span class='ocr_line' id='line_1_59' title="bbox 91 5552 1846 5634; baseline -0.006 -13"><span class='ocrx_word' id='word_1_847' title='bbox 91 5576 122 5623; x_wconf 89' lang='grc' dir='ltr'>εε</span> <span class='ocrx_word' id='word_1_848' title='bbox 144 5558 244 5620; x_wconf 83' lang='lat' dir='ltr'>ferreis</span> <span class='ocrx_word' id='word_1_849' title='bbox 267 5557 403 5631; x_wconf 88' lang='lat' dir='ltr'>induunt,</span> <span class='ocrx_word' id='word_1_850' title='bbox 428 5573 555 5631; x_wconf 88' lang='lat' dir='ltr'>carnem,</span> <span class='ocrx_word' id='word_1_851' title='bbox 571 5574 638 5634; x_wconf 82' lang='lat' dir='ltr'>quae</span> <span class='ocrx_word' id='word_1_852' title='bbox 659 5557 743 5617; x_wconf 90' lang='lat' dir='ltr'>facile</span> <span class='ocrx_word' id='word_1_853' title='bbox 765 5557 839 5617; x_wconf 88' lang='lat' dir='ltr'>redit</span> <span class='ocrx_word' id='word_1_854' title='bbox 863 5557 944 5628; x_wconf 86' lang='lat' dir='ltr'>ictui,</span> <span class='ocrx_word' id='word_1_855' title='bbox 989 5557 1129 5626; x_wconf 88' lang='lat' dir='ltr'>mitatem,</span> <span class='ocrx_word' id='word_1_856' title='bbox 1151 5560 1195 5618; x_wconf 82' lang='lat' dir='ltr'>vel</span> <span class='ocrx_word' id='word_1_857' title='bbox 1216 5558 1367 5618; x_wconf 90' lang='lat' dir='ltr'>stultitiam</span> <span class='ocrx_word' id='word_1_858' title='bbox 1389 5558 1458 5630; x_wconf 89' lang='lat' dir='ltr'>dici,</span> <span class='ocrx_word' id='word_1_859' title='bbox 1477 5572 1546 5617; x_wconf 92' lang='lat' dir='ltr'>cum</span> <span class='ocrx_word' id='word_1_860' title='bbox 1568 5555 1656 5614; x_wconf 91' lang='lat' dir='ltr'>etiam</span> <span class='ocrx_word' id='word_1_861' title='bbox 1676 5569 1728 5629; x_wconf 90' lang='grc' dir='ltr'>ρετ</span> <span class='ocrx_word' id='word_1_862' title='bbox 1749 5552 1846 5626; x_wconf 84' lang='lat' dir='ltr'>lapm-</span> 
     </span>
     <span class='ocr_line' id='line_1_60' title="bbox 91 5640 1846 5724; baseline -0.009 -11"><span class='ocrx_word' id='word_1_863' title='bbox 91 5650 235 5714; x_wconf 89' lang='lat' dir='ltr'>cnstodire</span> <span class='ocrx_word' id='word_1_864' title='bbox 264 5649 455 5723; x_wconf 70' lang='lat' dir='ltr'>conandum,</span> <span class='ocrx_word' id='word_1_865' title='bbox 484 5656 517 5710; x_wconf 92' lang='lat' dir='ltr'>ut</span> <span class='ocrx_word' id='word_1_866' title='bbox 549 5648 623 5712; x_wconf 89' lang='lat' dir='ltr'>illud</span> <span class='ocrx_word' id='word_1_867' title='bbox 660 5650 769 5712; x_wconf 88' lang='lat' dir='ltr'>durum</span> <span class='ocrx_word' id='word_1_868' title='bbox 804 5665 837 5708; x_wconf 91' lang='lat' dir='ltr'>ac</span> <span class='ocrx_word' id='word_1_869' title='bbox 873 5648 946 5710; x_wconf 86' lang='lat' dir='ltr'>torte</span> <span class='ocrx_word' id='word_1_870' title='bbox 989 5664 1066 5721; x_wconf 88' lang='lat' dir='ltr'>sum,</span> <span class='ocrx_word' id='word_1_871' title='bbox 1087 5649 1254 5711; x_wconf 82' lang='lat' dir='ltr'>tumetium</span> <span class='ocrx_word' id='word_1_872' title='bbox 1272 5664 1323 5724; x_wconf 85' lang='grc' dir='ltr'>ρετ</span> <span class='ocrx_word' id='word_1_873' title='bbox 1340 5651 1504 5722; x_wconf 89' lang='lat' dir='ltr'>serpentem</span> <span class='ocrx_word' id='word_1_874' title='bbox 1529 5659 1589 5704; x_wconf 94' lang='lat' dir='ltr'>non</span> <span class='ocrx_word' id='word_1_875' title='bbox 1612 5641 1786 5718; x_wconf 80' lang='lat' dir='ltr'>dedignatus</span> <span class='ocrx_word' id='word_1_876' title='bbox 1806 5640 1846 5700; x_wconf 87' lang='lat' dir='ltr'>sit</span> 
     </span>
    </p>
   </div>
   <div class='ocr_carea' id='block_1_3' title="bbox 0 0 2072 6209">
    <p class='ocr_par' dir='ltr' id='par_1_3' title="bbox 0 0 2072 6209">
     <span class='ocr_line' id='line_1_61' title="bbox 0 0 2072 6209; baseline 0 0"><span class='ocrx_word' id='word_1_877' title='bbox 0 0 2072 6209; x_wconf 95' lang='lat' dir='ltr'> </span> 
     </span>
    </p>
   </div>
  </div>
 </body>
</html>
