<?xml version="1.0" encoding="UTF-8"?>
<!DOCTYPE html PUBLIC "-//W3C//DTD XHTML 1.0 Transitional//EN"
    "http://www.w3.org/TR/xhtml1/DTD/xhtml1-transitional.dtd">
<html xmlns="http://www.w3.org/1999/xhtml" xml:lang="en" lang="en">
 <head>
  <title>
</title>
<meta http-equiv="Content-Type" content="text/html;charset=utf-8" />
  <meta name='ocr-system' content='tesseract 3.04.00' />
  <meta name='ocr-capabilities' content='ocr_page ocr_carea ocr_par ocr_line ocrx_word'/>
</head>
<body>
  <div class='ocr_page' id='page_1' title='image "./patrologiaecurs123unkngoog/patrologiaecurs123unkngoog_0504.png"; bbox 0 0 4100 6209; ppageno 0'>
   <div class='ocr_carea' id='block_1_1' title="bbox 192 348 1827 425">
    <p class='ocr_par' dir='ltr' id='par_1_1' title="bbox 192 348 1827 425">
     <span class='ocr_line' id='line_1_1' title="bbox 192 348 1827 425; baseline -0.01 -1"><span class='ocrx_word' id='word_1_1' title='bbox 192 366 243 425; x_wconf 79' lang='lat' dir='ltr'>otti</span> <span class='ocrx_word' id='word_1_2' title='bbox 822 356 904 414; x_wconf 79' lang='lat' dir='ltr'>Vl&#39;l&#39;ll</span> <span class='ocrx_word' id='word_1_3' title='bbox 922 355 955 411; x_wconf 82' lang='lat' dir='ltr'>S.</span> <span class='ocrx_word' id='word_1_4' title='bbox 974 348 1169 408; x_wconf 67' lang='lat' dir='ltr'>nonbibet.</span> <span class='ocrx_word' id='word_1_5' title='bbox 1772 350 1827 407; x_wconf 76' lang='lat' dir='ltr'>tritt</span> 
     </span>
    </p>
   </div>
   <div class='ocr_carea' id='block_1_2' title="bbox 142 457 1899 5542">
    <p class='ocr_par' dir='ltr' id='par_1_2' title="bbox 142 457 1899 5542">
     <span class='ocr_line' id='line_1_2' title="bbox 188 457 1609 551; baseline -0.004 -15"><span class='ocrx_word' id='word_1_6' title='bbox 188 479 347 540; x_wconf 81' lang='lat' dir='ltr'>lraecetilla</span> <span class='ocrx_word' id='word_1_7' title='bbox 362 479 678 551; x_wconf 71' lang='lat' dir='ltr'>sejugiterereroeudm</span> <span class='ocrx_word' id='word_1_8' title='bbox 703 477 834 533; x_wconf 88' lang='lat' dir='ltr'>tentabat.</span> <span class='ocrx_word' id='word_1_9' title='bbox 851 473 1022 531; x_wconf 73' lang='lat' dir='ltr'>studebatb</span> <span class='ocrx_word' id='word_1_10' title='bbox 1054 494 1059 499; x_wconf 89' lang='lat'><strong>·</strong></span> <span class='ocrx_word' id='word_1_11' title='bbox 1337 457 1451 514; x_wconf 65' lang='lat' dir='ltr'>CAPUT</span> <span class='ocrx_word' id='word_1_12' title='bbox 1470 458 1526 514; x_wconf 68' lang='lat' dir='ltr'>LV·</span> <span class='ocrx_word' id='word_1_13' title='bbox 1604 478 1609 485; x_wconf 84' lang='grc'><em>’</em></span> 
     </span>
     <span class='ocr_line' id='line_1_3' title="bbox 187 553 1828 650; baseline -0.007 -22"><span class='ocrx_word' id='word_1_14' title='bbox 187 574 288 650; x_wconf 87' lang='lat' dir='ltr'>quippe</span> <span class='ocrx_word' id='word_1_15' title='bbox 301 572 435 628; x_wconf 85' lang='lat' dir='ltr'>discretus</span> <span class='ocrx_word' id='word_1_16' title='bbox 456 572 559 628; x_wconf 76' lang='lat' dir='ltr'>Christi</span> <span class='ocrx_word' id='word_1_17' title='bbox 573 572 651 627; x_wconf 88' lang='lat' dir='ltr'>miles</span> <span class='ocrx_word' id='word_1_18' title='bbox 664 571 698 625; x_wconf 88' lang='lat' dir='ltr'>ad</span> <span class='ocrx_word' id='word_1_19' title='bbox 722 584 824 625; x_wconf 83' lang='lat' dir='ltr'>norunt</span> <span class='ocrx_word' id='word_1_20' title='bbox 846 584 876 623; x_wconf 88' lang='lat' dir='ltr'>se</span> <span class='ocrx_word' id='word_1_21' title='bbox 897 577 984 622; x_wconf 87' lang='lat' dir='ltr'>certa·</span> <span class='ocrx_word' id='word_1_22' title='bbox 1033 553 1390 635; x_wconf 62' lang='lat' dir='ltr'>rememorationem</span> <span class='ocrx_word' id='word_1_23' title='bbox 1410 553 1631 638; x_wconf 63' lang='lat' dir='ltr'>fedrsslfmvffo</span> <span class='ocrx_word' id='word_1_24' title='bbox 1646 557 1828 629; x_wconf 70' lang='lat' dir='ltr'>attol&#39;rt&#39;aido</span> 
     </span>
     <span class='ocr_line' id='line_1_4' title="bbox 190 623 1729 732; baseline -0.005 -14"><span class='ocrx_word' id='word_1_25' title='bbox 190 677 251 718; x_wconf 77' lang='lat' dir='ltr'>utcu</span> <span class='ocrx_word' id='word_1_26' title='bbox 265 675 374 730; x_wconf 83' lang='lat' dir='ltr'>sempor</span> <span class='ocrx_word' id='word_1_27' title='bbox 386 662 539 732; x_wconf 73' lang='lat' dir='ltr'>accingere,</span> <span class='ocrx_word' id='word_1_28' title='bbox 552 670 580 716; x_wconf 90' lang='lat' dir='ltr'>ct</span> <span class='ocrx_word' id='word_1_29' title='bbox 593 676 654 715; x_wconf 92' lang='lat' dir='ltr'>curu</span> <span class='ocrx_word' id='word_1_30' title='bbox 666 658 779 729; x_wconf 81' lang='lat' dir='ltr'>jamjam</span> <span class='ocrx_word' id='word_1_31' title='bbox 793 658 891 713; x_wconf 90' lang='lat' dir='ltr'>cadere</span> <span class='ocrx_word' id='word_1_32' title='bbox 905 656 981 711; x_wconf 85' lang='lat' dir='ltr'>rido-</span> <span class='ocrx_word' id='word_1_33' title='bbox 1366 623 1494 690; x_wconf 39' lang='lat' dir='ltr'>‘&#39;⁶⁰⁶¹’&#39;ss</span> <span class='ocrx_word' id='word_1_34' title='bbox 1726 699 1729 704; x_wconf 93' lang='lat'>.</span> 
     </span>
     <span class='ocr_line' id='line_1_5' title="bbox 189 734 1828 821; baseline -0.004 -17"><span class='ocrx_word' id='word_1_35' title='bbox 189 748 264 804; x_wconf 80' lang='lat' dir='ltr'>ium</span> <span class='ocrx_word' id='word_1_36' title='bbox 287 749 378 821; x_wconf 75' lang='lat' dir='ltr'>(ott),</span> <span class='ocrx_word' id='word_1_37' title='bbox 406 750 527 805; x_wconf 71' lang='lat' dir='ltr'>saniona</span> <span class='ocrx_word' id='word_1_38' title='bbox 552 765 615 805; x_wconf 81' lang='lat' dir='ltr'>mox</span> <span class='ocrx_word' id='word_1_39' title='bbox 639 749 827 805; x_wconf 69' lang='lat' dir='ltr'>misericordia</span> <span class='ocrx_word' id='word_1_40' title='bbox 850 746 982 802; x_wconf 77' lang='lat' dir='ltr'>vaoittuu</span> <span class='ocrx_word' id='word_1_41' title='bbox 1066 734 1128 790; x_wconf 79' lang='lat' dir='ltr'>atio</span> <span class='ocrx_word' id='word_1_42' title='bbox 1142 748 1252 805; x_wconf 81' lang='lat' dir='ltr'>quoquo</span> <span class='ocrx_word' id='word_1_43' title='bbox 1268 741 1399 803; x_wconf 75' lang='lat' dir='ltr'>euporo,</span> <span class='ocrx_word' id='word_1_44' title='bbox 1424 734 1495 788; x_wconf 82' lang='lat' dir='ltr'>idem</span> <span class='ocrx_word' id='word_1_45' title='bbox 1517 734 1564 805; x_wconf 90' lang='lat' dir='ltr'>qui</span> <span class='ocrx_word' id='word_1_46' title='bbox 1585 750 1666 806; x_wconf 76' lang='lat' dir='ltr'>suma</span> <span class='ocrx_word' id='word_1_47' title='bbox 1680 734 1828 809; x_wconf 67' lang='lat' dir='ltr'>Gregorius</span> 
     </span>
     <span class='ocr_line' id='line_1_6' title="bbox 187 828 1826 911; baseline 0.001 -24"><span class='ocrx_word' id='word_1_48' title='bbox 187 830 377 911; x_wconf 57' lang='lat' dir='ltr'>rumusculum</span> <span class='ocrx_word' id='word_1_49' title='bbox 406 842 537 898; x_wconf 71' lang='lat' dir='ltr'>relevare,</span> <span class='ocrx_word' id='word_1_50' title='bbox 565 844 623 898; x_wconf 70' lang='lat' dir='ltr'>[ruo</span> <span class='ocrx_word' id='word_1_51' title='bbox 646 851 738 897; x_wconf 64' lang='lat' dir='ltr'>aurem</span> <span class='ocrx_word' id='word_1_52' title='bbox 760 840 803 895; x_wconf 70' lang='lat' dir='ltr'>uel</span> <span class='ocrx_word' id='word_1_53' title='bbox 820 840 903 895; x_wconf 73' lang='lat' dir='ltr'>eiiam</span> <span class='ocrx_word' id='word_1_54' title='bbox 929 839 981 893; x_wconf 75' lang='lat' dir='ltr'>tria</span> <span class='ocrx_word' id='word_1_55' title='bbox 1033 840 1087 885; x_wconf 71' lang='lat' dir='ltr'>mm</span> <span class='ocrx_word' id='word_1_56' title='bbox 1101 832 1219 885; x_wconf 85' lang='lat' dir='ltr'>virosam</span> <span class='ocrx_word' id='word_1_57' title='bbox 1232 838 1260 883; x_wconf 87' lang='lat' dir='ltr'>et</span> <span class='ocrx_word' id='word_1_58' title='bbox 1269 829 1417 883; x_wconf 87' lang='lat' dir='ltr'>marcidam</span> <span class='ocrx_word' id='word_1_59' title='bbox 1431 828 1566 884; x_wconf 86' lang='lat' dir='ltr'>tolerabat</span> <span class='ocrx_word' id='word_1_60' title='bbox 1582 830 1609 884; x_wconf 88' lang='lat' dir='ltr'>iu</span> <span class='ocrx_word' id='word_1_61' title='bbox 1625 832 1753 890; x_wconf 86' lang='lat' dir='ltr'>cruribus</span> <span class='ocrx_word' id='word_1_62' title='bbox 1766 847 1826 888; x_wconf 87' lang='lat' dir='ltr'>sca-</span> 
     </span>
     <span class='ocr_line' id='line_1_7' title="bbox 187 918 1845 1003; baseline -0.004 -20"><span class='ocrx_word' id='word_1_63' title='bbox 187 932 351 1003; x_wconf 79' lang='lat' dir='ltr'><strong>quandoque</strong></span> <span class='ocrx_word' id='word_1_64' title='bbox 371 932 490 987; x_wconf 90' lang='lat' dir='ltr'>babebat</span> <span class='ocrx_word' id='word_1_65' title='bbox 511 931 599 996; x_wconf 86' lang='lat' dir='ltr'>cilicia</span> <span class='ocrx_word' id='word_1_66' title='bbox 618 940 730 1000; x_wconf 88' lang='lat' dir='ltr'>propter</span> <span class='ocrx_word' id='word_1_67' title='bbox 750 939 907 985; x_wconf 87' lang='lat' dir='ltr'>nascentem</span> <span class='ocrx_word' id='word_1_68' title='bbox 919 943 982 983; x_wconf 89' lang='lat' dir='ltr'>eor·</span> <span class='ocrx_word' id='word_1_69' title='bbox 1030 921 1115 987; x_wconf 83' lang='lat' dir='ltr'>biorn,</span> <span class='ocrx_word' id='word_1_70' title='bbox 1136 928 1167 976; x_wconf 89' lang='lat' dir='ltr'>ut</span> <span class='ocrx_word' id='word_1_71' title='bbox 1185 919 1242 989; x_wconf 81' lang='lat' dir='ltr'>jum</span> <span class='ocrx_word' id='word_1_72' title='bbox 1264 933 1296 972; x_wconf 83' lang='lat' dir='ltr'>er</span> <span class='ocrx_word' id='word_1_73' title='bbox 1315 918 1478 988; x_wconf 78' lang='lat' dir='ltr'>eteptuntio</span> <span class='ocrx_word' id='word_1_74' title='bbox 1501 918 1576 992; x_wconf 76' lang='grc'><strong>(515)</strong></span> <span class='ocrx_word' id='word_1_75' title='bbox 1592 920 1687 974; x_wconf 89' lang='lat' dir='ltr'>morbo</span> <span class='ocrx_word' id='word_1_76' title='bbox 1702 923 1845 977; x_wconf 79' lang='lat' dir='ltr'>erederet</span> 
     </span>
     <span class='ocr_line' id='line_1_8' title="bbox 186 1009 1827 1093; baseline 0.005 -33"><span class='ocrx_word' id='word_1_77' title='bbox 186 1020 688 1093; x_wconf 53' lang='lat' dir='ltr'>9015,impon11„pmeffl‚qqaera,prr</span> <span class='ocrx_word' id='word_1_78' title='bbox 702 1019 980 1090; x_wconf 58' lang='lat' dir='ltr'>„urraqenuspermip</span> <span class='ocrx_word' id='word_1_79' title='bbox 1031 1020 1087 1065; x_wconf 84' lang='lat' dir='ltr'>taur</span> <span class='ocrx_word' id='word_1_80' title='bbox 1101 1022 1212 1082; x_wconf 80' lang='lat' dir='ltr'>qrarom</span> <span class='ocrx_word' id='word_1_81' title='bbox 1227 1010 1334 1081; x_wconf 88' lang='lat' dir='ltr'>prodire</span> <span class='ocrx_word' id='word_1_82' title='bbox 1348 1017 1493 1066; x_wconf 85' lang='lat' dir='ltr'>tuuroreut.</span> <span class='ocrx_word' id='word_1_83' title='bbox 1511 1011 1579 1067; x_wconf 78' lang='lat' dir='ltr'>llario</span> <span class='ocrx_word' id='word_1_84' title='bbox 1594 1009 1762 1068; x_wconf 84' lang='lat' dir='ltr'>llomualdus</span> <span class='ocrx_word' id='word_1_85' title='bbox 1774 1014 1827 1069; x_wconf 86' lang='lat' dir='ltr'>boc</span> 
     </span>
     <span class='ocr_line' id='line_1_9' title="bbox 188 1100 1826 1180; baseline -0.006 -14"><span class='ocrx_word' id='word_1_86' title='bbox 188 1113 273 1179; x_wconf 85' lang='lat' dir='ltr'>tebat,</span> <span class='ocrx_word' id='word_1_87' title='bbox 287 1113 334 1166; x_wconf 86' lang='lat' dir='ltr'>sod</span> <span class='ocrx_word' id='word_1_88' title='bbox 348 1126 379 1165; x_wconf 89' lang='lat' dir='ltr'>oa</span> <span class='ocrx_word' id='word_1_89' title='bbox 394 1110 530 1180; x_wconf 87' lang='lat' dir='ltr'>patinsad</span> <span class='ocrx_word' id='word_1_90' title='bbox 545 1111 659 1164; x_wconf 77' lang='lat' dir='ltr'>imbrem</span> <span class='ocrx_word' id='word_1_91' title='bbox 673 1109 833 1180; x_wconf 83' lang='lat' dir='ltr'>projiciens,</span> <span class='ocrx_word' id='word_1_92' title='bbox 858 1116 918 1180; x_wconf 86' lang='lat' dir='ltr'>post</span> <span class='ocrx_word' id='word_1_93' title='bbox 932 1107 981 1162; x_wconf 91' lang='lat' dir='ltr'>tri·</span> <span class='ocrx_word' id='word_1_94' title='bbox 1030 1102 1197 1170; x_wconf 79' lang='lat' dir='ltr'>precipuum</span> <span class='ocrx_word' id='word_1_95' title='bbox 1221 1100 1363 1155; x_wconf 82' lang='lat' dir='ltr'>medicinae</span> <span class='ocrx_word' id='word_1_96' title='bbox 1388 1116 1473 1172; x_wconf 78' lang='lat' dir='ltr'>genus</span> <span class='ocrx_word' id='word_1_97' title='bbox 1500 1102 1616 1165; x_wconf 82' lang='lat' dir='ltr'>indixit,</span> <span class='ocrx_word' id='word_1_98' title='bbox 1645 1103 1771 1158; x_wconf 81' lang='lat' dir='ltr'>videlieet</span> <span class='ocrx_word' id='word_1_99' title='bbox 1796 1113 1826 1157; x_wconf 93' lang='lat' dir='ltr'>ut</span> 
     </span>
     <span class='ocr_line' id='line_1_10' title="bbox 186 1188 1826 1272; baseline -0.001 -18"><span class='ocrx_word' id='word_1_100' title='bbox 186 1202 261 1272; x_wconf 74' lang='lat' dir='ltr'>ginta</span> <span class='ocrx_word' id='word_1_101' title='bbox 276 1202 335 1257; x_wconf 90' lang='lat' dir='ltr'>dies</span> <span class='ocrx_word' id='word_1_102' title='bbox 355 1192 460 1255; x_wconf 72' lang='lat' dir='ltr'>mutare</span> <span class='ocrx_word' id='word_1_103' title='bbox 483 1210 670 1257; x_wconf 87' lang='lat' dir='ltr'>consueverat.</span> <span class='ocrx_word' id='word_1_104' title='bbox 695 1199 859 1255; x_wconf 76' lang='lat' dir='ltr'>Novaculam</span> <span class='ocrx_word' id='word_1_105' title='bbox 887 1208 979 1254; x_wconf 86' lang='lat' dir='ltr'>autern</span> <span class='ocrx_word' id='word_1_106' title='bbox 1031 1203 1112 1248; x_wconf 67' lang='lat' dir='ltr'>etim</span> <span class='ocrx_word' id='word_1_107' title='bbox 1125 1203 1175 1260; x_wconf 89' lang='lat' dir='ltr'>pet·</span> <span class='ocrx_word' id='word_1_108' title='bbox 1185 1198 1242 1244; x_wconf 65' lang='lat' dir='ltr'>lies</span> <span class='ocrx_word' id='word_1_109' title='bbox 1252 1189 1311 1245; x_wconf 67' lang='lat'><strong>(¹50⁸</strong></span> <span class='ocrx_word' id='word_1_110' title='bbox 1324 1188 1422 1260; x_wconf 66' lang='lat' dir='ltr'>frigidi</span> <span class='ocrx_word' id='word_1_111' title='bbox 1434 1205 1502 1260; x_wconf 90' lang='lat' dir='ltr'>aqua</span> <span class='ocrx_word' id='word_1_112' title='bbox 1512 1191 1699 1261; x_wconf 84' lang='lat' dir='ltr'>perfunderet,</span> <span class='ocrx_word' id='word_1_113' title='bbox 1713 1195 1826 1265; x_wconf 78' lang='lat' dir='ltr'>promit·</span> 
     </span>
     <span class='ocr_line' id='line_1_11' title="bbox 186 1278 1825 1362; baseline 0.005 -18"><span class='ocrx_word' id='word_1_114' title='bbox 186 1305 324 1359; x_wconf 87' lang='lat' dir='ltr'>uunquam</span> <span class='ocrx_word' id='word_1_115' title='bbox 348 1290 375 1344; x_wconf 91' lang='lat' dir='ltr'>in</span> <span class='ocrx_word' id='word_1_116' title='bbox 392 1305 470 1345; x_wconf 89' lang='lat' dir='ltr'>suom</span> <span class='ocrx_word' id='word_1_117' title='bbox 490 1297 573 1362; x_wconf 88' lang='lat' dir='ltr'>caput</span> <span class='ocrx_word' id='word_1_118' title='bbox 588 1289 741 1359; x_wconf 86' lang='lat' dir='ltr'>patiebatur</span> <span class='ocrx_word' id='word_1_119' title='bbox 759 1288 917 1355; x_wconf 88' lang='lat' dir='ltr'>ascendere,</span> <span class='ocrx_word' id='word_1_120' title='bbox 932 1289 980 1344; x_wconf 93' lang='lat' dir='ltr'>sed</span> <span class='ocrx_word' id='word_1_121' title='bbox 1032 1278 1572 1351; x_wconf 54' lang='lat' dir='ltr'>¹0¹¹SR73&lt;1¹¹⁵³¹¹⁰⁰¹¹¹⁰G⁰”numm</span> <span class='ocrx_word' id='word_1_122' title='bbox 1590 1283 1731 1352; x_wconf 63' lang='lat' dir='ltr'>iliisfissim</span> <span class='ocrx_word' id='word_1_123' title='bbox 1747 1298 1825 1338; x_wconf 81' lang='lat' dir='ltr'>roru-</span> 
     </span>
     <span class='ocr_line' id='line_1_12' title="bbox 187 1371 1823 1451; baseline 0.002 -16"><span class='ocrx_word' id='word_1_124' title='bbox 187 1381 244 1450; x_wconf 82' lang='lat' dir='ltr'>ipse</span> <span class='ocrx_word' id='word_1_125' title='bbox 257 1381 308 1436; x_wconf 85' lang='lat' dir='ltr'>sibi</span> <span class='ocrx_word' id='word_1_126' title='bbox 330 1395 443 1449; x_wconf 86' lang='lat' dir='ltr'>perraro</span> <span class='ocrx_word' id='word_1_127' title='bbox 460 1371 565 1437; x_wconf 76' lang='lat' dir='ltr'>soloba&#39;t</span> <span class='ocrx_word' id='word_1_128' title='bbox 579 1389 753 1436; x_wconf 79' lang='lat' dir='ltr'>excrementa</span> <span class='ocrx_word' id='word_1_129' title='bbox 776 1381 935 1451; x_wconf 87' lang='lat' dir='ltr'>capillorum</span> <span class='ocrx_word' id='word_1_130' title='bbox 951 1389 979 1434; x_wconf 90' lang='lat' dir='ltr'>et</span> <span class='ocrx_word' id='word_1_131' title='bbox 1030 1382 1148 1443; x_wconf 65' lang='lat' dir='ltr'>briarei·</span> <span class='ocrx_word' id='word_1_132' title='bbox 1163 1371 1241 1438; x_wconf 64' lang='grc' dir='ltr'>(2Ὶοιῖ</span> <span class='ocrx_word' id='word_1_133' title='bbox 1265 1380 1354 1426; x_wconf 71' lang='lat'>¹¹¹¹¹0¹¹</span> <span class='ocrx_word' id='word_1_134' title='bbox 1377 1372 1423 1427; x_wconf 64' lang='lat'>5¹¹⁶</span> <span class='ocrx_word' id='word_1_135' title='bbox 1439 1373 1587 1443; x_wconf 60' lang='lat' dir='ltr'>*dimistiri&gt;</span> <span class='ocrx_word' id='word_1_136' title='bbox 1601 1375 1724 1439; x_wconf 54' lang='lat' dir='ltr'>nuduli.</span> <span class='ocrx_word' id='word_1_137' title='bbox 1742 1376 1823 1430; x_wconf 66' lang='lat' dir='ltr'>ninst-</span> 
     </span>
     <span class='ocr_line' id='line_1_13' title="bbox 185 1463 1824 1541; baseline -0.001 -16"><span class='ocrx_word' id='word_1_138' title='bbox 185 1471 278 1526; x_wconf 85' lang='lat' dir='ltr'>barbae</span> <span class='ocrx_word' id='word_1_139' title='bbox 290 1472 439 1541; x_wconf 90' lang='lat' dir='ltr'>forcipibus</span> <span class='ocrx_word' id='word_1_140' title='bbox 452 1472 604 1527; x_wconf 86' lang='lat' dir='ltr'>attondere.</span> <span class='ocrx_word' id='word_1_141' title='bbox 625 1472 654 1527; x_wconf 83' lang='lat' dir='ltr'>si</span> <span class='ocrx_word' id='word_1_142' title='bbox 674 1473 781 1541; x_wconf 89' lang='lat' dir='ltr'>quando</span> <span class='ocrx_word' id='word_1_143' title='bbox 794 1488 858 1527; x_wconf 85' lang='lat' dir='ltr'>roro</span> <span class='ocrx_word' id='word_1_144' title='bbox 869 1488 931 1527; x_wconf 88' lang='lat' dir='ltr'>curu</span> <span class='ocrx_word' id='word_1_145' title='bbox 945 1488 977 1528; x_wconf 85' lang='lat' dir='ltr'>cr</span> <span class='ocrx_word' id='word_1_146' title='bbox 1029 1480 1090 1520; x_wconf 74' lang='lat' dir='ltr'>ritib</span> <span class='ocrx_word' id='word_1_147' title='bbox 1115 1465 1202 1536; x_wconf 62' lang='lat' dir='ltr'>magis</span> <span class='ocrx_word' id='word_1_148' title='bbox 1223 1464 1385 1519; x_wconf 66' lang='lat' dir='ltr'>necessitate</span> <span class='ocrx_word' id='word_1_149' title='bbox 1403 1463 1534 1534; x_wconf 71' lang='lat' dir='ltr'>jussionis</span> <span class='ocrx_word' id='word_1_150' title='bbox 1559 1481 1640 1535; x_wconf 77' lang='lat' dir='ltr'>quain</span> <span class='ocrx_word' id='word_1_151' title='bbox 1663 1467 1824 1537; x_wconf 78' lang='lat' dir='ltr'>recipiendae</span> 
     </span>
     <span class='ocr_line' id='line_1_14' title="bbox 186 1553 1825 1636; baseline 0.002 -20"><span class='ocrx_word' id='word_1_152' title='bbox 186 1562 277 1632; x_wconf 87' lang='lat' dir='ltr'>aliquo</span> <span class='ocrx_word' id='word_1_153' title='bbox 298 1563 472 1619; x_wconf 79' lang='lat' dir='ltr'>esculentiori</span> <span class='ocrx_word' id='word_1_154' title='bbox 485 1564 546 1619; x_wconf 92' lang='lat' dir='ltr'>cibo</span> <span class='ocrx_word' id='word_1_155' title='bbox 560 1563 630 1636; x_wconf 75' lang='lat' dir='ltr'>quiae</span> <span class='ocrx_word' id='word_1_156' title='bbox 644 1564 740 1619; x_wconf 85' lang='lat' dir='ltr'>vitium</span> <span class='ocrx_word' id='word_1_157' title='bbox 762 1564 896 1629; x_wconf 87' lang='lat' dir='ltr'>titillaret,</span> <span class='ocrx_word' id='word_1_158' title='bbox 915 1580 978 1620; x_wconf 84' lang='lat' dir='ltr'>ruox</span> <span class='ocrx_word' id='word_1_159' title='bbox 1030 1553 1128 1610; x_wconf 65' lang='lat' dir='ltr'>fiducia</span> <span class='ocrx_word' id='word_1_160' title='bbox 1142 1554 1290 1624; x_wconf 62' lang='lat' dir='ltr'>wsbfldffs·</span> <span class='ocrx_word' id='word_1_161' title='bbox 1306 1553 1404 1608; x_wconf 63' lang='lat' dir='ltr'>Mirum</span> <span class='ocrx_word' id='word_1_162' title='bbox 1418 1556 1496 1619; x_wconf 64' lang='lat' dir='ltr'>Silis.</span> <span class='ocrx_word' id='word_1_163' title='bbox 1516 1564 1545 1610; x_wconf 74' lang='lat'>⁰1</span> <span class='ocrx_word' id='word_1_164' title='bbox 1566 1555 1653 1611; x_wconf 70' lang='lat' dir='ltr'>soloni</span> <span class='ocrx_word' id='word_1_165' title='bbox 1668 1556 1765 1612; x_wconf 64' lang='lat' dir='ltr'>divina*</span> <span class='ocrx_word' id='word_1_166' title='bbox 1776 1572 1825 1626; x_wconf 71' lang='lat' dir='ltr'>po</span> 
     </span>
     <span class='ocr_line' id='line_1_15' title="bbox 187 1638 1825 1724; baseline -0.002 -21"><span class='ocrx_word' id='word_1_167' title='bbox 187 1665 311 1713; x_wconf 70' lang='lat' dir='ltr'>acerum</span> <span class='ocrx_word' id='word_1_168' title='bbox 336 1652 413 1708; x_wconf 87' lang='lat' dir='ltr'>illum</span> <span class='ocrx_word' id='word_1_169' title='bbox 426 1654 574 1724; x_wconf 79' lang='lat' dir='ltr'>praeparari</span> <span class='ocrx_word' id='word_1_170' title='bbox 588 1654 758 1723; x_wconf 60' lang='lat' dir='ltr'>praecipiens,</span> <span class='ocrx_word' id='word_1_171' title='bbox 772 1653 813 1709; x_wconf 88' lang='lat' dir='ltr'>ori</span> <span class='ocrx_word' id='word_1_172' title='bbox 828 1663 856 1709; x_wconf 80' lang='lat' dir='ltr'>er</span> <span class='ocrx_word' id='word_1_173' title='bbox 867 1656 979 1711; x_wconf 70' lang='lat' dir='ltr'>ruribus</span> <span class='ocrx_word' id='word_1_174' title='bbox 1030 1638 1124 1704; x_wconf 83' lang='lat' dir='ltr'>tentiae</span> <span class='ocrx_word' id='word_1_175' title='bbox 1135 1647 1325 1705; x_wconf 85' lang='lat' dir='ltr'>referendum!</span> <span class='ocrx_word' id='word_1_176' title='bbox 1340 1646 1483 1704; x_wconf 77' lang='lat' dir='ltr'>confestim</span> <span class='ocrx_word' id='word_1_177' title='bbox 1498 1646 1626 1702; x_wconf 89' lang='lat' dir='ltr'>tibiarum</span> <span class='ocrx_word' id='word_1_178' title='bbox 1642 1656 1731 1702; x_wconf 77' lang='lat' dir='ltr'>tuimur</span> <span class='ocrx_word' id='word_1_179' title='bbox 1745 1647 1825 1718; x_wconf 87' lang='lat' dir='ltr'>depu-</span> 
     </span>
     <span class='ocr_line' id='line_1_16' title="bbox 186 1736 1825 1816; baseline -0.002 -20"><span class='ocrx_word' id='word_1_180' title='bbox 186 1745 347 1812; x_wconf 86' lang='lat' dir='ltr'>appuuobat,</span> <span class='ocrx_word' id='word_1_181' title='bbox 370 1753 399 1800; x_wconf 93' lang='lat' dir='ltr'>ot</span> <span class='ocrx_word' id='word_1_182' title='bbox 423 1745 510 1801; x_wconf 88' lang='lat' dir='ltr'>suluru</span> <span class='ocrx_word' id='word_1_183' title='bbox 536 1755 650 1816; x_wconf 83' lang='lat' dir='ltr'>captans</span> <span class='ocrx_word' id='word_1_184' title='bbox 668 1746 796 1809; x_wconf 87' lang='lat' dir='ltr'>odorem,</span> <span class='ocrx_word' id='word_1_185' title='bbox 812 1745 938 1800; x_wconf 87' lang='lat' dir='ltr'>dicebat:</span> <span class='ocrx_word' id='word_1_186' title='bbox 954 1746 977 1802; x_wconf 90' lang='lat'>0</span> <span class='ocrx_word' id='word_1_187' title='bbox 1030 1738 1115 1801; x_wconf 79' lang='lat' dir='ltr'>tritor,</span> <span class='ocrx_word' id='word_1_188' title='bbox 1128 1738 1294 1805; x_wconf 84' lang='lat' dir='ltr'>rirrrsomue</span> <span class='ocrx_word' id='word_1_189' title='bbox 1305 1737 1436 1804; x_wconf 84' lang='lat' dir='ltr'>siccatur,</span> <span class='ocrx_word' id='word_1_190' title='bbox 1450 1746 1477 1792; x_wconf 91' lang='lat' dir='ltr'>ot</span> <span class='ocrx_word' id='word_1_191' title='bbox 1487 1737 1594 1807; x_wconf 75' lang='lat' dir='ltr'>poenitus</span> <span class='ocrx_word' id='word_1_192' title='bbox 1607 1737 1680 1791; x_wconf 86' lang='lat' dir='ltr'>omni</span> <span class='ocrx_word' id='word_1_193' title='bbox 1694 1736 1825 1807; x_wconf 76' lang='lat' dir='ltr'>tarquoro</span> 
     </span>
     <span class='ocr_line' id='line_1_17' title="bbox 185 1825 1824 1905; baseline -0.001 -22"><span class='ocrx_word' id='word_1_194' title='bbox 185 1831 260 1902; x_wconf 72' lang='lat' dir='ltr'>gerla,</span> <span class='ocrx_word' id='word_1_195' title='bbox 286 1833 364 1903; x_wconf 83' lang='lat' dir='ltr'>gula,</span> <span class='ocrx_word' id='word_1_196' title='bbox 381 1850 464 1903; x_wconf 89' lang='lat' dir='ltr'>quarn</span> <span class='ocrx_word' id='word_1_197' title='bbox 487 1832 588 1899; x_wconf 88' lang='lat' dir='ltr'>duleis,</span> <span class='ocrx_word' id='word_1_198' title='bbox 611 1849 693 1905; x_wconf 87' lang='lat' dir='ltr'>quant</span> <span class='ocrx_word' id='word_1_199' title='bbox 719 1834 811 1889; x_wconf 75' lang='lat' dir='ltr'>suanis</span> <span class='ocrx_word' id='word_1_200' title='bbox 834 1834 913 1890; x_wconf 74' lang='lat' dir='ltr'>innodo</span> <span class='ocrx_word' id='word_1_201' title='bbox 930 1834 977 1889; x_wconf 85' lang='lat' dir='ltr'>tibi</span> <span class='ocrx_word' id='word_1_202' title='bbox 994 1825 1248 1895; x_wconf 84' lang='lat' dir='ltr'>Bdepositofrater</span> <span class='ocrx_word' id='word_1_203' title='bbox 1259 1843 1342 1883; x_wconf 84' lang='lat' dir='ltr'>sanus</span> <span class='ocrx_word' id='word_1_204' title='bbox 1354 1829 1506 1899; x_wconf 79' lang='lat' dir='ltr'>peremnia</span> <span class='ocrx_word' id='word_1_205' title='bbox 1522 1826 1653 1882; x_wconf 85' lang='lat' dir='ltr'>redditur.</span> <span class='ocrx_word' id='word_1_206' title='bbox 1667 1825 1746 1881; x_wconf 81' lang='lat' dir='ltr'>Credi</span> <span class='ocrx_word' id='word_1_207' title='bbox 1758 1841 1824 1897; x_wconf 80' lang='lat' dir='ltr'>crgo</span> 
     </span>
     <span class='ocr_line' id='line_1_18' title="bbox 185 1916 1824 1996; baseline -0.001 -21"><span class='ocrx_word' id='word_1_208' title='bbox 185 1935 293 1992; x_wconf 83' lang='lat' dir='ltr'>saperet</span> <span class='ocrx_word' id='word_1_209' title='bbox 304 1925 355 1978; x_wconf 90' lang='lat' dir='ltr'>isto</span> <span class='ocrx_word' id='word_1_210' title='bbox 368 1925 461 1978; x_wconf 85' lang='lat' dir='ltr'>cibus!</span> <span class='ocrx_word' id='word_1_211' title='bbox 476 1924 523 1979; x_wconf 84' lang='lat' dir='ltr'>sed</span> <span class='ocrx_word' id='word_1_212' title='bbox 549 1939 589 1978; x_wconf 79' lang='lat' dir='ltr'>rae</span> <span class='ocrx_word' id='word_1_213' title='bbox 604 1923 651 1978; x_wconf 90' lang='lat' dir='ltr'>tibi</span> <span class='ocrx_word' id='word_1_214' title='bbox 664 1923 671 1975; x_wconf 92' lang='lat' dir='ltr'>l</span> <span class='ocrx_word' id='word_1_215' title='bbox 685 1937 720 1977; x_wconf 84' lang='lat' dir='ltr'>cx</span> <span class='ocrx_word' id='word_1_216' title='bbox 732 1938 765 1978; x_wconf 91' lang='lat' dir='ltr'>eo</span> <span class='ocrx_word' id='word_1_217' title='bbox 780 1938 918 1992; x_wconf 89' lang='lat' dir='ltr'>uunquam</span> <span class='ocrx_word' id='word_1_218' title='bbox 930 1940 981 1996; x_wconf 76' lang='lat' dir='ltr'>qu·</span> <span class='ocrx_word' id='word_1_219' title='bbox 1030 1919 1228 1975; x_wconf 73' lang='lat' dir='ltr'>rationabiliter</span> <span class='ocrx_word' id='word_1_220' title='bbox 1239 1928 1328 1990; x_wconf 90' lang='lat' dir='ltr'>potest</span> <span class='ocrx_word' id='word_1_221' title='bbox 1348 1920 1411 1990; x_wconf 87' lang='lat' dir='ltr'>qnia</span> <span class='ocrx_word' id='word_1_222' title='bbox 1435 1921 1530 1973; x_wconf 86' lang='lat' dir='ltr'>eodem</span> <span class='ocrx_word' id='word_1_223' title='bbox 1544 1917 1640 1987; x_wconf 89' lang='lat' dir='ltr'>spiritu</span> <span class='ocrx_word' id='word_1_224' title='bbox 1657 1916 1824 1973; x_wconf 82' lang='lat' dir='ltr'>Rumitaldus</span> 
     </span>
     <span class='ocr_line' id='line_1_19' title="bbox 185 2009 1824 2081; baseline -0.002 -16"><span class='ocrx_word' id='word_1_225' title='bbox 185 2011 289 2065; x_wconf 87' lang='lat' dir='ltr'>stabis:</span> <span class='ocrx_word' id='word_1_226' title='bbox 305 2019 334 2066; x_wconf 92' lang='lat' dir='ltr'>et</span> <span class='ocrx_word' id='word_1_227' title='bbox 345 2012 385 2065; x_wconf 89' lang='lat' dir='ltr'>sic</span> <span class='ocrx_word' id='word_1_228' title='bbox 397 2011 528 2066; x_wconf 87' lang='lat' dir='ltr'>intactum</span> <span class='ocrx_word' id='word_1_229' title='bbox 542 2012 575 2066; x_wconf 89' lang='lat' dir='ltr'>ad</span> <span class='ocrx_word' id='word_1_230' title='bbox 592 2009 733 2065; x_wconf 88' lang='lat' dir='ltr'>cellarium</span> <span class='ocrx_word' id='word_1_231' title='bbox 748 2010 914 2067; x_wconf 78' lang='lat' dir='ltr'>remittebat.</span> <span class='ocrx_word' id='word_1_232' title='bbox 1030 2010 1163 2081; x_wconf 89' lang='lat' dir='ltr'>discipulo</span> <span class='ocrx_word' id='word_1_233' title='bbox 1186 2019 1215 2065; x_wconf 92' lang='lat' dir='ltr'>ut</span> <span class='ocrx_word' id='word_1_234' title='bbox 1240 2019 1281 2065; x_wconf 89' lang='lat' dir='ltr'>tor</span> <span class='ocrx_word' id='word_1_235' title='bbox 1299 2011 1379 2081; x_wconf 84' lang='lat' dir='ltr'>aquis</span> <span class='ocrx_word' id='word_1_236' title='bbox 1395 2009 1525 2065; x_wconf 87' lang='lat' dir='ltr'>tumentia</span> <span class='ocrx_word' id='word_1_237' title='bbox 1546 2024 1626 2063; x_wconf 89' lang='lat' dir='ltr'>crura</span> <span class='ocrx_word' id='word_1_238' title='bbox 1647 2009 1824 2079; x_wconf 88' lang='lat' dir='ltr'>perfunderet</span> 
     </span>
     <span class='ocr_line' id='line_1_20' title="bbox 432 2096 1899 2173; baseline -0.002 -18"><span class='ocrx_word' id='word_1_239' title='bbox 432 2101 515 2173; x_wconf 60' lang='lat'>472</span> <span class='ocrx_word' id='word_1_240' title='bbox 533 2099 647 2157; x_wconf 80' lang='lat' dir='ltr'>CAPUT</span> <span class='ocrx_word' id='word_1_241' title='bbox 665 2100 730 2155; x_wconf 85' lang='lat' dir='ltr'>Llll.</span> <span class='ocrx_word' id='word_1_242' title='bbox 1025 2096 1172 2169; x_wconf 84' lang='lat' dir='ltr'>jussitque</span> <span class='ocrx_word' id='word_1_243' title='bbox 1187 2099 1291 2154; x_wconf 81' lang='lat' dir='ltr'>Eliscus</span> <span class='ocrx_word' id='word_1_244' title='bbox 1302 2098 1424 2154; x_wconf 82' lang='lat' dir='ltr'>Naauian</span> <span class='ocrx_word' id='word_1_245' title='bbox 1436 2098 1573 2167; x_wconf 82' lang='lat' dir='ltr'>leprosum</span> <span class='ocrx_word' id='word_1_246' title='bbox 1587 2098 1672 2154; x_wconf 86' lang='lat' dir='ltr'>lauari</span> <span class='ocrx_word' id='word_1_247' title='bbox 1684 2099 1784 2167; x_wconf 88' lang='lat' dir='ltr'>septies</span> <span class='ocrx_word' id='word_1_248' title='bbox 1794 2099 1822 2153; x_wconf 89' lang='lat' dir='ltr'>iu</span> <span class='ocrx_word' id='word_1_249' title='bbox 1893 2104 1899 2115; x_wconf 89' lang='lat'>&#39;</span> 
     </span>
     <span class='ocr_line' id='line_1_21' title="bbox 221 2187 1505 2263; baseline -0.002 -17"><span class='ocrx_word' id='word_1_250' title='bbox 221 2190 260 2246; x_wconf 79' lang='lat' dir='ltr'>De</span> <span class='ocrx_word' id='word_1_251' title='bbox 277 2192 405 2247; x_wconf 78' lang='lat' dir='ltr'>onirocnfo</span> <span class='ocrx_word' id='word_1_252' title='bbox 418 2209 469 2262; x_wconf 85' lang='lat' dir='ltr'>quo</span> <span class='ocrx_word' id='word_1_253' title='bbox 481 2191 637 2263; x_wconf 82' lang='lat' dir='ltr'>Groqorium</span> <span class='ocrx_word' id='word_1_254' title='bbox 653 2191 812 2263; x_wconf 71' lang='lat' dir='ltr'>insufflando</span> <span class='ocrx_word' id='word_1_255' title='bbox 825 2194 942 2246; x_wconf 77' lang='lat' dir='ltr'>saltarit.</span> <span class='ocrx_word' id='word_1_256' title='bbox 1028 2189 1148 2247; x_wconf 75' lang='lat' dir='ltr'>lordono</span> <span class='ocrx_word' id='word_1_257' title='bbox 1161 2191 1299 2246; x_wconf 77' lang='lat' dir='ltr'>mandarit</span> <span class='ocrx_word' id='word_1_258' title='bbox 1314 2188 1340 2261; x_wconf 76' lang='lat' dir='ltr'>ll</span> <span class='ocrx_word' id='word_1_259' title='bbox 1347 2187 1367 2242; x_wconf 83' lang='lat' dir='ltr'>i</span> <span class='ocrx_word' id='word_1_260' title='bbox 1384 2189 1450 2259; x_wconf 81' lang='lat' dir='ltr'>Req.</span> <span class='ocrx_word' id='word_1_261' title='bbox 1466 2190 1505 2255; x_wconf 84' lang='lat' dir='ltr'>r).</span> 
     </span>
     <span class='ocr_line' id='line_1_22' title="bbox 220 2279 1525 2358; baseline 0.001 -25"><span class='ocrx_word' id='word_1_262' title='bbox 220 2279 274 2334; x_wconf 82' lang='lat' dir='ltr'>Serl</span> <span class='ocrx_word' id='word_1_263' title='bbox 297 2295 454 2350; x_wconf 86' lang='lat' dir='ltr'>quanquam</span> <span class='ocrx_word' id='word_1_264' title='bbox 474 2280 517 2334; x_wconf 84' lang='lat' dir='ltr'>ur</span> <span class='ocrx_word' id='word_1_265' title='bbox 539 2288 649 2334; x_wconf 68' lang='lat' dir='ltr'>seiunctus</span> <span class='ocrx_word' id='word_1_266' title='bbox 673 2288 776 2334; x_wconf 82' lang='lat' dir='ltr'>tanturn</span> <span class='ocrx_word' id='word_1_267' title='bbox 794 2294 857 2351; x_wconf 79' lang='lat' dir='ltr'>erga</span> <span class='ocrx_word' id='word_1_268' title='bbox 876 2295 906 2334; x_wconf 93' lang='lat' dir='ltr'>se</span> <span class='ocrx_word' id='word_1_269' title='bbox 920 2295 980 2336; x_wconf 91' lang='lat' dir='ltr'>ser·</span> <span class='ocrx_word' id='word_1_270' title='bbox 1328 2301 1444 2358; x_wconf 61' lang='lat' dir='ltr'>(3qu1</span> <span class='ocrx_word' id='word_1_271' title='bbox 1456 2299 1525 2356; x_wconf 51' lang='grc' dir='ltr'>ιη,</span> 
     </span>
     <span class='ocr_line' id='line_1_23' title="bbox 185 2368 1823 2468; baseline 0 -46"><span class='ocrx_word' id='word_1_272' title='bbox 185 2378 262 2426; x_wconf 89' lang='lat' dir='ltr'>rarot</span> <span class='ocrx_word' id='word_1_273' title='bbox 273 2371 462 2425; x_wconf 82' lang='lat' dir='ltr'>aristeritatem</span> <span class='ocrx_word' id='word_1_274' title='bbox 474 2410 482 2435; x_wconf 95' lang='lat'>,</span> <span class='ocrx_word' id='word_1_275' title='bbox 496 2384 605 2438; x_wconf 86' lang='lat' dir='ltr'>semper</span> <span class='ocrx_word' id='word_1_276' title='bbox 620 2374 710 2424; x_wconf 84' lang='lat' dir='ltr'>tameo</span> <span class='ocrx_word' id='word_1_277' title='bbox 735 2368 848 2425; x_wconf 89' lang='lat' dir='ltr'>bilarem</span> <span class='ocrx_word' id='word_1_278' title='bbox 864 2369 978 2434; x_wconf 85' lang='lat' dir='ltr'>ittfttttti,</span> <span class='ocrx_word' id='word_1_279' title='bbox 1028 2395 1069 2453; x_wconf 56' lang='lat' dir='ltr'>De</span> <span class='ocrx_word' id='word_1_280' title='bbox 1083 2395 1222 2467; x_wconf 40' lang='lat' dir='ltr'>pampo,</span> <span class='ocrx_word' id='word_1_281' title='bbox 1238 2412 1313 2468; x_wconf 64' lang='lat' dir='ltr'>qm</span> <span class='ocrx_word' id='word_1_282' title='bbox 1328 2395 1440 2450; x_wconf 59' lang='lat' dir='ltr'><strong><em>Romam</em></strong></span> <span class='ocrx_word' id='word_1_283' title='bbox 1455 2404 1559 2449; x_wconf 58' lang='lat' dir='ltr'>emm</span> <span class='ocrx_word' id='word_1_284' title='bbox 1573 2411 1620 2458; x_wconf 65' lang='lat' dir='ltr'><em>W</em></span> <span class='ocrx_word' id='word_1_285' title='bbox 1636 2393 1759 2462; x_wconf 48' lang='lat' dir='ltr'>,pin-mm</span> <span class='ocrx_word' id='word_1_286' title='bbox 1777 2409 1823 2447; x_wconf 63' lang='grc' dir='ltr'>ω,</span> 
     </span>
     <span class='ocr_line' id='line_1_24' title="bbox 185 2458 1822 2538; baseline 0.002 -23"><span class='ocrx_word' id='word_1_287' title='bbox 185 2474 292 2531; x_wconf 79' lang='lat' dir='ltr'>semiper</span> <span class='ocrx_word' id='word_1_288' title='bbox 305 2473 429 2514; x_wconf 88' lang='lat' dir='ltr'>serenam</span> <span class='ocrx_word' id='word_1_289' title='bbox 444 2458 541 2513; x_wconf 86' lang='lat' dir='ltr'>facioru</span> <span class='ocrx_word' id='word_1_290' title='bbox 553 2459 728 2514; x_wconf 74' lang='lat' dir='ltr'>ostendebat.</span> <span class='ocrx_word' id='word_1_291' title='bbox 742 2458 808 2513; x_wconf 74' lang='lat' dir='ltr'>Nam</span> <span class='ocrx_word' id='word_1_292' title='bbox 820 2458 906 2513; x_wconf 88' lang='lat' dir='ltr'>frater</span> <span class='ocrx_word' id='word_1_293' title='bbox 918 2459 979 2528; x_wconf 90' lang='lat' dir='ltr'>qui·</span> <span class='ocrx_word' id='word_1_294' title='bbox 1064 2467 1163 2538; x_wconf 71' lang='lat' dir='ltr'>quovit,</span> <span class='ocrx_word' id='word_1_295' title='bbox 1177 2477 1202 2521; x_wconf 78' lang='lat' dir='ltr'>er</span> <span class='ocrx_word' id='word_1_296' title='bbox 1222 2466 1254 2520; x_wconf 72' lang='lat' dir='ltr'>dr</span> <span class='ocrx_word' id='word_1_297' title='bbox 1272 2465 1319 2520; x_wconf 81' lang='lat' dir='ltr'>iilo</span> <span class='ocrx_word' id='word_1_298' title='bbox 1340 2465 1397 2536; x_wconf 86' lang='lat' dir='ltr'>qui,</span> <span class='ocrx_word' id='word_1_299' title='bbox 1419 2465 1469 2518; x_wconf 72' lang='lat' dir='ltr'>riti</span> <span class='ocrx_word' id='word_1_300' title='bbox 1481 2464 1621 2535; x_wconf 81' lang='lat' dir='ltr'>derepinr,</span> <span class='ocrx_word' id='word_1_301' title='bbox 1647 2462 1822 2516; x_wconf 73' lang='lat' dir='ltr'>reclusorium</span> 
     </span>
     <span class='ocr_line' id='line_1_25' title="bbox 185 2534 1327 2620; baseline -0.001 -15"><span class='ocrx_word' id='word_1_302' title='bbox 185 2551 257 2615; x_wconf 88' lang='lat' dir='ltr'>dam,</span> <span class='ocrx_word' id='word_1_303' title='bbox 271 2548 418 2620; x_wconf 74' lang='lat' dir='ltr'>Gregorius</span> <span class='ocrx_word' id='word_1_304' title='bbox 439 2551 564 2612; x_wconf 87' lang='lat' dir='ltr'>nurnine,</span> <span class='ocrx_word' id='word_1_305' title='bbox 580 2549 770 2619; x_wconf 72' lang='lat' dir='ltr'>grauissimum</span> <span class='ocrx_word' id='word_1_306' title='bbox 790 2549 887 2619; x_wconf 89' lang='lat' dir='ltr'>capitis</span> <span class='ocrx_word' id='word_1_307' title='bbox 901 2549 978 2605; x_wconf 91' lang='lat' dir='ltr'>dolo·</span> <span class='ocrx_word' id='word_1_308' title='bbox 1064 2537 1154 2607; x_wconf 74' lang='lat' dir='ltr'>[repit.</span> <span class='ocrx_word' id='word_1_309' title='bbox 1320 2534 1327 2549; x_wconf 83' lang='lat'><em>&#39;</em></span> 
     </span>
     <span class='ocr_line' id='line_1_26' title="bbox 185 2630 1819 2708; baseline 0.004 -18"><span class='ocrx_word' id='word_1_310' title='bbox 185 2652 242 2693; x_wconf 87' lang='lat' dir='ltr'>reru</span> <span class='ocrx_word' id='word_1_311' title='bbox 257 2653 287 2691; x_wconf 90' lang='lat' dir='ltr'>so</span> <span class='ocrx_word' id='word_1_312' title='bbox 301 2637 405 2708; x_wconf 82' lang='lat' dir='ltr'>perpeti</span> <span class='ocrx_word' id='word_1_313' title='bbox 421 2637 567 2707; x_wconf 87' lang='lat' dir='ltr'>aliquando</span> <span class='ocrx_word' id='word_1_314' title='bbox 588 2647 753 2708; x_wconf 87' lang='lat' dir='ltr'>conquestus</span> <span class='ocrx_word' id='word_1_315' title='bbox 772 2647 824 2693; x_wconf 90' lang='lat' dir='ltr'>est.</span> <span class='ocrx_word' id='word_1_316' title='bbox 845 2630 897 2706; x_wconf 82' lang='lat' dir='ltr'>Qui</span> <span class='ocrx_word' id='word_1_317' title='bbox 915 2655 976 2695; x_wconf 91' lang='lat' dir='ltr'>oum</span> <span class='ocrx_word' id='word_1_318' title='bbox 1065 2645 1191 2702; x_wconf 87' lang='lat' dir='ltr'>Nonnulli</span> <span class='ocrx_word' id='word_1_319' title='bbox 1208 2656 1298 2703; x_wconf 89' lang='lat' dir='ltr'>tamen</span> <span class='ocrx_word' id='word_1_320' title='bbox 1311 2646 1434 2702; x_wconf 88' lang='lat' dir='ltr'>carnales</span> <span class='ocrx_word' id='word_1_321' title='bbox 1457 2645 1583 2701; x_wconf 86' lang='lat' dir='ltr'>uidelicet</span> <span class='ocrx_word' id='word_1_322' title='bbox 1605 2645 1740 2706; x_wconf 89' lang='lat' dir='ltr'>bouunes,</span> <span class='ocrx_word' id='word_1_323' title='bbox 1755 2657 1819 2698; x_wconf 87' lang='lat' dir='ltr'>eum</span> 
     </span>
     <span class='ocr_line' id='line_1_27' title="bbox 185 2724 1822 2807; baseline 0.004 -29"><span class='ocrx_word' id='word_1_324' title='bbox 185 2724 219 2778; x_wconf 72' lang='grc' dir='ltr'>ιιι]</span> <span class='ocrx_word' id='word_1_325' title='bbox 231 2725 303 2779; x_wconf 83' lang='lat' dir='ltr'>beati</span> <span class='ocrx_word' id='word_1_326' title='bbox 318 2725 369 2779; x_wconf 79' lang='lat' dir='ltr'>viri</span> <span class='ocrx_word' id='word_1_327' title='bbox 385 2726 521 2793; x_wconf 80' lang='lat' dir='ltr'>eeffttftttti,</span> <span class='ocrx_word' id='word_1_328' title='bbox 534 2727 579 2782; x_wconf 88' lang='lat' dir='ltr'>obi</span> <span class='ocrx_word' id='word_1_329' title='bbox 593 2736 621 2783; x_wconf 83' lang='lat' dir='ltr'>ei</span> <span class='ocrx_word' id='word_1_330' title='bbox 633 2727 679 2782; x_wconf 82' lang='lat' dir='ltr'>alil</span> <span class='ocrx_word' id='word_1_331' title='bbox 694 2726 794 2783; x_wconf 82' lang='lat' dir='ltr'>fratres</span> <span class='ocrx_word' id='word_1_332' title='bbox 807 2736 871 2784; x_wconf 84' lang='lat' dir='ltr'>ftttlc</span> <span class='ocrx_word' id='word_1_333' title='bbox 884 2741 976 2796; x_wconf 82' lang='lat' dir='ltr'>eraut,</span> <span class='ocrx_word' id='word_1_334' title='bbox 1028 2736 1164 2792; x_wconf 72' lang='lat' dir='ltr'>malitiose</span> <span class='ocrx_word' id='word_1_335' title='bbox 1186 2736 1385 2807; x_wconf 76' lang='lat' dir='ltr'>reprehendere</span> <span class='ocrx_word' id='word_1_336' title='bbox 1400 2746 1430 2793; x_wconf 76' lang='lat' dir='ltr'>ea</span> <span class='ocrx_word' id='word_1_337' title='bbox 1453 2737 1573 2807; x_wconf 80' lang='lat' dir='ltr'>ejusdem</span> <span class='ocrx_word' id='word_1_338' title='bbox 1602 2736 1673 2791; x_wconf 84' lang='lat' dir='ltr'>dicta</span> <span class='ocrx_word' id='word_1_339' title='bbox 1691 2735 1735 2790; x_wconf 80' lang='lat' dir='ltr'>uel</span> <span class='ocrx_word' id='word_1_340' title='bbox 1750 2733 1822 2790; x_wconf 81' lang='lat' dir='ltr'>facta</span> 
     </span>
     <span class='ocr_line' id='line_1_28' title="bbox 184 2816 1822 2899; baseline -0.004 -14"><span class='ocrx_word' id='word_1_341' title='bbox 184 2830 246 2870; x_wconf 72' lang='lat' dir='ltr'>⁰¹¹¹ss</span> <span class='ocrx_word' id='word_1_342' title='bbox 259 2816 343 2871; x_wconf 64' lang='grc' dir='ltr'><strong>ἸῙΙῊῙἏ</strong></span> <span class='ocrx_word' id='word_1_343' title='bbox 359 2817 550 2873; x_wconf 69' lang='lat' dir='ltr'>¹³ss¹0¹¹¹³li⁰¹¹e</span> <span class='ocrx_word' id='word_1_344' title='bbox 574 2820 706 2885; x_wconf 63' lang='lat' dir='ltr'>fessfsoeb</span> <span class='ocrx_word' id='word_1_345' title='bbox 722 2828 794 2875; x_wconf 76' lang='lat'>&#39;⁰10¹</span> <span class='ocrx_word' id='word_1_346' title='bbox 814 2831 844 2876; x_wconf 84' lang='lat' dir='ltr'>ut</span> <span class='ocrx_word' id='word_1_347' title='bbox 856 2836 917 2877; x_wconf 81' lang='lat' dir='ltr'>eunt</span> <span class='ocrx_word' id='word_1_348' title='bbox 935 2824 978 2878; x_wconf 82' lang='lat' dir='ltr'>vii</span> <span class='ocrx_word' id='word_1_349' title='bbox 1028 2845 1082 2883; x_wconf 91' lang='lat' dir='ltr'>uuu</span> <span class='ocrx_word' id='word_1_350' title='bbox 1098 2828 1230 2884; x_wconf 86' lang='lat' dir='ltr'>timebant</span> <span class='ocrx_word' id='word_1_351' title='bbox 1244 2828 1365 2883; x_wconf 84' lang='lat' dir='ltr'>lenitatis</span> <span class='ocrx_word' id='word_1_352' title='bbox 1379 2828 1446 2883; x_wconf 85' lang='lat' dir='ltr'>uitio</span> <span class='ocrx_word' id='word_1_353' title='bbox 1457 2829 1598 2899; x_wconf 89' lang='lat' dir='ltr'>deputare.</span> <span class='ocrx_word' id='word_1_354' title='bbox 1614 2826 1729 2894; x_wconf 80' lang='lat' dir='ltr'>Qtridaro</span> <span class='ocrx_word' id='word_1_355' title='bbox 1743 2840 1822 2879; x_wconf 89' lang='lat' dir='ltr'>nam·</span> 
     </span>
     <span class='ocr_line' id='line_1_29' title="bbox 184 2907 1820 2990; baseline 0.005 -29"><span class='ocrx_word' id='word_1_356' title='bbox 184 2907 347 2964; x_wconf 78' lang='lat' dir='ltr'>roborabitis</span> <span class='ocrx_word' id='word_1_357' title='bbox 362 2910 438 2972; x_wconf 85' lang='lat' dir='ltr'>vidit,</span> <span class='ocrx_word' id='word_1_358' title='bbox 455 2910 528 2964; x_wconf 90' lang='lat' dir='ltr'>bunc</span> <span class='ocrx_word' id='word_1_359' title='bbox 542 2909 662 2964; x_wconf 86' lang='lat' dir='ltr'>dolorem</span> <span class='ocrx_word' id='word_1_360' title='bbox 688 2925 859 2982; x_wconf 89' lang='lat' dir='ltr'>nequaquam</span> <span class='ocrx_word' id='word_1_361' title='bbox 878 2914 977 2967; x_wconf 87' lang='lat' dir='ltr'>bumo-</span> <span class='ocrx_word' id='word_1_362' title='bbox 1028 2934 1081 2988; x_wconf 89' lang='lat' dir='ltr'>que</span> <span class='ocrx_word' id='word_1_363' title='bbox 1091 2919 1150 2990; x_wconf 84' lang='lat' dir='ltr'>ejus</span> <span class='ocrx_word' id='word_1_364' title='bbox 1165 2917 1315 2990; x_wconf 87' lang='lat' dir='ltr'>discipulus</span> <span class='ocrx_word' id='word_1_365' title='bbox 1330 2918 1358 2972; x_wconf 91' lang='lat' dir='ltr'>iu</span> <span class='ocrx_word' id='word_1_366' title='bbox 1374 2918 1426 2972; x_wconf 86' lang='lat' dir='ltr'>alia</span> <span class='ocrx_word' id='word_1_367' title='bbox 1439 2916 1532 2987; x_wconf 87' lang='lat' dir='ltr'>procul</span> <span class='ocrx_word' id='word_1_368' title='bbox 1545 2931 1639 2973; x_wconf 83' lang='lat' dir='ltr'>ercino</span> <span class='ocrx_word' id='word_1_369' title='bbox 1652 2915 1820 2978; x_wconf 88' lang='lat' dir='ltr'>morabatur,</span> 
     </span>
     <span class='ocr_line' id='line_1_30' title="bbox 184 3000 1822 3077; baseline 0.004 -25"><span class='ocrx_word' id='word_1_370' title='bbox 184 3014 244 3053; x_wconf 87' lang='lat' dir='ltr'>rnur</span> <span class='ocrx_word' id='word_1_371' title='bbox 258 3000 444 3070; x_wconf 70' lang='lat' dir='ltr'>inaequalitati,</span> <span class='ocrx_word' id='word_1_372' title='bbox 458 3001 505 3057; x_wconf 88' lang='lat' dir='ltr'>sed</span> <span class='ocrx_word' id='word_1_373' title='bbox 526 3001 633 3056; x_wconf 88' lang='lat' dir='ltr'>insidiis</span> <span class='ocrx_word' id='word_1_374' title='bbox 648 3003 753 3073; x_wconf 88' lang='lat' dir='ltr'>antiqui</span> <span class='ocrx_word' id='word_1_375' title='bbox 768 3004 855 3060; x_wconf 87' lang='lat' dir='ltr'>bostis</span> <span class='ocrx_word' id='word_1_376' title='bbox 871 3004 976 3060; x_wconf 89' lang='lat' dir='ltr'>indubi·</span> <span class='ocrx_word' id='word_1_377' title='bbox 1028 3008 1077 3076; x_wconf 87' lang='lat' dir='ltr'>qni</span> <span class='ocrx_word' id='word_1_378' title='bbox 1089 3008 1302 3077; x_wconf 89' lang='lat' dir='ltr'>propinquorum</span> <span class='ocrx_word' id='word_1_379' title='bbox 1322 3006 1477 3062; x_wconf 83' lang='lat' dir='ltr'>necessitati</span> <span class='ocrx_word' id='word_1_380' title='bbox 1492 3004 1638 3075; x_wconf 84' lang='lat' dir='ltr'>aliquando</span> <span class='ocrx_word' id='word_1_381' title='bbox 1654 3004 1822 3060; x_wconf 89' lang='lat' dir='ltr'>condescen-</span> 
     </span>
     <span class='ocr_line' id='line_1_31' title="bbox 185 3090 1823 3168; baseline 0.006 -26"><span class='ocrx_word' id='word_1_382' title='bbox 185 3096 274 3143; x_wconf 86' lang='lat' dir='ltr'>tunter</span> <span class='ocrx_word' id='word_1_383' title='bbox 286 3090 421 3159; x_wconf 82' lang='lat' dir='ltr'>ascripsit,</span> <span class='ocrx_word' id='word_1_384' title='bbox 431 3102 460 3145; x_wconf 91' lang='lat' dir='ltr'>ot</span> <span class='ocrx_word' id='word_1_385' title='bbox 476 3108 537 3147; x_wconf 87' lang='lat' dir='ltr'>rnor</span> <span class='ocrx_word' id='word_1_386' title='bbox 550 3091 627 3163; x_wconf 89' lang='lat' dir='ltr'>quasi</span> <span class='ocrx_word' id='word_1_387' title='bbox 642 3093 770 3149; x_wconf 87' lang='lat' dir='ltr'>deridens</span> <span class='ocrx_word' id='word_1_388' title='bbox 783 3109 856 3158; x_wconf 88' lang='lat' dir='ltr'>eum,</span> <span class='ocrx_word' id='word_1_389' title='bbox 874 3102 902 3147; x_wconf 90' lang='lat' dir='ltr'>ut</span> <span class='ocrx_word' id='word_1_390' title='bbox 916 3102 977 3150; x_wconf 88' lang='lat' dir='ltr'>erat</span> <span class='ocrx_word' id='word_1_391' title='bbox 1029 3099 1106 3163; x_wconf 87' lang='lat' dir='ltr'>dous,</span> <span class='ocrx_word' id='word_1_392' title='bbox 1119 3113 1168 3168; x_wconf 91' lang='lat' dir='ltr'>pru</span> <span class='ocrx_word' id='word_1_393' title='bbox 1182 3112 1277 3152; x_wconf 90' lang='lat' dir='ltr'>eurum</span> <span class='ocrx_word' id='word_1_394' title='bbox 1296 3098 1412 3153; x_wconf 78' lang='lat' dir='ltr'>uirilitate</span> <span class='ocrx_word' id='word_1_395' title='bbox 1431 3098 1540 3152; x_wconf 87' lang='lat' dir='ltr'>taudem</span> <span class='ocrx_word' id='word_1_396' title='bbox 1557 3096 1632 3151; x_wconf 84' lang='lat' dir='ltr'>refut</span> <span class='ocrx_word' id='word_1_397' title='bbox 1651 3096 1753 3151; x_wconf 83' lang='lat' dir='ltr'>inritus</span> <span class='ocrx_word' id='word_1_398' title='bbox 1768 3096 1823 3152; x_wconf 88' lang='lat' dir='ltr'>llo·</span> 
     </span>
     <span class='ocr_line' id='line_1_32' title="bbox 184 3167 1822 3258; baseline 0.003 -24"><span class='ocrx_word' id='word_1_399' title='bbox 184 3193 293 3248; x_wconf 84' lang='lat' dir='ltr'>semper</span> <span class='ocrx_word' id='word_1_400' title='bbox 306 3178 390 3257; x_wconf 84' lang='lat' dir='ltr'>alacri</span> <span class='ocrx_word' id='word_1_401' title='bbox 413 3181 498 3245; x_wconf 85' lang='lat' dir='ltr'>rtrltu,</span> <span class='ocrx_word' id='word_1_402' title='bbox 515 3196 565 3251; x_wconf 88' lang='lat' dir='ltr'>per</span> <span class='ocrx_word' id='word_1_403' title='bbox 586 3180 733 3237; x_wconf 81' lang='lat' dir='ltr'>fenestram</span> <span class='ocrx_word' id='word_1_404' title='bbox 749 3180 853 3238; x_wconf 72' lang='lat' dir='ltr'>cellulae</span> <span class='ocrx_word' id='word_1_405' title='bbox 868 3181 920 3237; x_wconf 88' lang='lat' dir='ltr'>sibi</span> <span class='ocrx_word' id='word_1_406' title='bbox 934 3167 1011 3237; x_wconf 79' lang='lat' dir='ltr'>iri-C</span> <span class='ocrx_word' id='word_1_407' title='bbox 1028 3202 1100 3241; x_wconf 89' lang='lat' dir='ltr'>maru</span> <span class='ocrx_word' id='word_1_408' title='bbox 1125 3188 1166 3242; x_wconf 91' lang='lat' dir='ltr'>ire</span> <span class='ocrx_word' id='word_1_409' title='bbox 1187 3186 1416 3257; x_wconf 79' lang='lat' dir='ltr'>eradrugesirnali</span> <span class='ocrx_word' id='word_1_410' title='bbox 1438 3197 1558 3258; x_wconf 85' lang='lat' dir='ltr'>tempore</span> <span class='ocrx_word' id='word_1_411' title='bbox 1579 3185 1725 3257; x_wconf 76' lang='lat' dir='ltr'>acquievit.</span> <span class='ocrx_word' id='word_1_412' title='bbox 1744 3185 1822 3258; x_wconf 79' lang='lat' dir='ltr'>Quod</span> 
     </span>
     <span class='ocr_line' id='line_1_33' title="bbox 184 3268 1817 3347; baseline 0.006 -25"><span class='ocrx_word' id='word_1_413' title='bbox 184 3268 301 3322; x_wconf 78' lang='lat' dir='ltr'>sufflavit</span> <span class='ocrx_word' id='word_1_414' title='bbox 314 3270 341 3323; x_wconf 87' lang='lat' dir='ltr'>in</span> <span class='ocrx_word' id='word_1_415' title='bbox 357 3268 484 3336; x_wconf 89' lang='lat' dir='ltr'>frontem,</span> <span class='ocrx_word' id='word_1_416' title='bbox 500 3279 570 3325; x_wconf 92' lang='lat' dir='ltr'>etot</span> <span class='ocrx_word' id='word_1_417' title='bbox 590 3272 682 3327; x_wconf 85' lang='lat' dir='ltr'>caetcri</span> <span class='ocrx_word' id='word_1_418' title='bbox 695 3288 791 3329; x_wconf 88' lang='lat' dir='ltr'>omues</span> <span class='ocrx_word' id='word_1_419' title='bbox 803 3272 851 3343; x_wconf 90' lang='lat' dir='ltr'>qui</span> <span class='ocrx_word' id='word_1_420' title='bbox 862 3273 976 3329; x_wconf 89' lang='lat' dir='ltr'>aderaut</span> <span class='ocrx_word' id='word_1_421' title='bbox 1027 3291 1092 3332; x_wconf 80' lang='lat' dir='ltr'>mor</span> <span class='ocrx_word' id='word_1_422' title='bbox 1114 3276 1156 3331; x_wconf 86' lang='lat' dir='ltr'>rir</span> <span class='ocrx_word' id='word_1_423' title='bbox 1178 3287 1290 3332; x_wconf 87' lang='lat' dir='ltr'>sauctus</span> <span class='ocrx_word' id='word_1_424' title='bbox 1312 3278 1496 3347; x_wconf 86' lang='lat' dir='ltr'>perspiritum</span> <span class='ocrx_word' id='word_1_425' title='bbox 1515 3292 1722 3347; x_wconf 77' lang='lat' dir='ltr'>recognoscens,</span> <span class='ocrx_word' id='word_1_426' title='bbox 1742 3275 1817 3331; x_wconf 85' lang='lat' dir='ltr'>volnt</span> 
     </span>
     <span class='ocr_line' id='line_1_34' title="bbox 185 3359 1820 3436; baseline 0.004 -23"><span class='ocrx_word' id='word_1_427' title='bbox 185 3359 312 3414; x_wconf 77' lang='lat' dir='ltr'>siusilitcr</span> <span class='ocrx_word' id='word_1_428' title='bbox 332 3359 471 3426; x_wconf 85' lang='lat' dir='ltr'>lacerent,</span> <span class='ocrx_word' id='word_1_429' title='bbox 494 3360 768 3417; x_wconf 67' lang='lat' dir='ltr'>muniendorum</span> <span class='ocrx_word' id='word_1_430' title='bbox 789 3361 864 3417; x_wconf 89' lang='lat' dir='ltr'>lacto</span> <span class='ocrx_word' id='word_1_431' title='bbox 879 3362 916 3417; x_wconf 88' lang='lat' dir='ltr'>ita</span> <span class='ocrx_word' id='word_1_432' title='bbox 931 3380 977 3419; x_wconf 88' lang='lat' dir='ltr'>sa·</span> <span class='ocrx_word' id='word_1_433' title='bbox 1027 3364 1171 3436; x_wconf 80' lang='lat' dir='ltr'>indignans</span> <span class='ocrx_word' id='word_1_434' title='bbox 1190 3366 1299 3435; x_wconf 89' lang='lat' dir='ltr'>scripsit</span> <span class='ocrx_word' id='word_1_435' title='bbox 1313 3365 1413 3420; x_wconf 85' lang='lat' dir='ltr'>astanti</span> <span class='ocrx_word' id='word_1_436' title='bbox 1430 3365 1536 3419; x_wconf 87' lang='lat' dir='ltr'>cuidam</span> <span class='ocrx_word' id='word_1_437' title='bbox 1559 3364 1635 3420; x_wconf 89' lang='lat' dir='ltr'>fratri</span> <span class='ocrx_word' id='word_1_438' title='bbox 1657 3365 1730 3435; x_wconf 87' lang='lat' dir='ltr'>quod</span> <span class='ocrx_word' id='word_1_439' title='bbox 1743 3362 1820 3419; x_wconf 84' lang='lat' dir='ltr'>vido·</span> 
     </span>
     <span class='ocr_line' id='line_1_35' title="bbox 184 3450 1821 3526; baseline 0.002 -23"><span class='ocrx_word' id='word_1_440' title='bbox 184 3458 265 3504; x_wconf 75' lang='lat' dir='ltr'>iratres</span> <span class='ocrx_word' id='word_1_441' title='bbox 280 3459 322 3504; x_wconf 90' lang='lat' dir='ltr'>est</span> <span class='ocrx_word' id='word_1_442' title='bbox 347 3460 377 3505; x_wconf 92' lang='lat' dir='ltr'>ut</span> <span class='ocrx_word' id='word_1_443' title='bbox 400 3450 502 3506; x_wconf 89' lang='lat' dir='ltr'>uullunr</span> <span class='ocrx_word' id='word_1_444' title='bbox 518 3452 625 3522; x_wconf 87' lang='lat' dir='ltr'>penitus</span> <span class='ocrx_word' id='word_1_445' title='bbox 638 3453 753 3508; x_wconf 81' lang='lat' dir='ltr'>scrutiret</span> <span class='ocrx_word' id='word_1_446' title='bbox 771 3452 799 3507; x_wconf 91' lang='lat' dir='ltr'>io</span> <span class='ocrx_word' id='word_1_447' title='bbox 824 3455 977 3523; x_wconf 86' lang='lat' dir='ltr'>suocapite</span> <span class='ocrx_word' id='word_1_448' title='bbox 1028 3452 1091 3509; x_wconf 89' lang='lat' dir='ltr'>licet</span> <span class='ocrx_word' id='word_1_449' title='bbox 1109 3452 1154 3508; x_wconf 93' lang='lat' dir='ltr'>ille</span> <span class='ocrx_word' id='word_1_450' title='bbox 1167 3454 1254 3508; x_wconf 93' lang='lat' dir='ltr'>bouus</span> <span class='ocrx_word' id='word_1_451' title='bbox 1276 3453 1319 3507; x_wconf 87' lang='lat' dir='ltr'>rir</span> <span class='ocrx_word' id='word_1_452' title='bbox 1334 3468 1383 3524; x_wconf 92' lang='lat' dir='ltr'>pro</span> <span class='ocrx_word' id='word_1_453' title='bbox 1402 3453 1556 3523; x_wconf 73' lang='lat' dir='ltr'>instiusmodi</span> <span class='ocrx_word' id='word_1_454' title='bbox 1578 3454 1687 3526; x_wconf 78' lang='lat' dir='ltr'>negotio</span> <span class='ocrx_word' id='word_1_455' title='bbox 1704 3452 1821 3508; x_wconf 86' lang='lat' dir='ltr'>Rorriam</span> 
     </span>
     <span class='ocr_line' id='line_1_36' title="bbox 185 3541 1821 3616; baseline 0.002 -19"><span class='ocrx_word' id='word_1_456' title='bbox 185 3541 286 3597; x_wconf 88' lang='lat' dir='ltr'>doloris</span> <span class='ocrx_word' id='word_1_457' title='bbox 300 3544 463 3599; x_wconf 85' lang='lat' dir='ltr'>remansisse</span> <span class='ocrx_word' id='word_1_458' title='bbox 478 3544 631 3614; x_wconf 74' lang='lat' dir='ltr'>uestigium.</span> <span class='ocrx_word' id='word_1_459' title='bbox 645 3544 773 3600; x_wconf 77' lang='lat' dir='ltr'>Arbitror</span> <span class='ocrx_word' id='word_1_460' title='bbox 786 3546 859 3616; x_wconf 92' lang='lat' dir='ltr'>quod</span> <span class='ocrx_word' id='word_1_461' title='bbox 873 3546 977 3603; x_wconf 91' lang='lat' dir='ltr'>ideirco</span> <span class='ocrx_word' id='word_1_462' title='bbox 1027 3547 1069 3603; x_wconf 89' lang='lat' dir='ltr'>ire</span> <span class='ocrx_word' id='word_1_463' title='bbox 1096 3544 1277 3616; x_wconf 72' lang='lat' dir='ltr'>presumpsit.</span> <span class='ocrx_word' id='word_1_464' title='bbox 1302 3543 1349 3601; x_wconf 85' lang='lat' dir='ltr'>ille</span> <span class='ocrx_word' id='word_1_465' title='bbox 1377 3556 1469 3601; x_wconf 87' lang='lat' dir='ltr'>autom</span> <span class='ocrx_word' id='word_1_466' title='bbox 1494 3545 1633 3601; x_wconf 87' lang='lat' dir='ltr'>admirans</span> <span class='ocrx_word' id='word_1_467' title='bbox 1661 3545 1733 3600; x_wconf 77' lang='lat' dir='ltr'>uirile</span> <span class='ocrx_word' id='word_1_468' title='bbox 1768 3546 1821 3601; x_wconf 87' lang='lat' dir='ltr'>hoc</span> 
     </span>
     <span class='ocr_line' id='line_1_37' title="bbox 184 3635 1821 3710; baseline 0.002 -21"><span class='ocrx_word' id='word_1_469' title='bbox 184 3635 227 3690; x_wconf 88' lang='lat' dir='ltr'>rir</span> <span class='ocrx_word' id='word_1_470' title='bbox 239 3646 349 3692; x_wconf 89' lang='lat' dir='ltr'>sauctus</span> <span class='ocrx_word' id='word_1_471' title='bbox 362 3637 414 3691; x_wconf 90' lang='lat' dir='ltr'>boc</span> <span class='ocrx_word' id='word_1_472' title='bbox 425 3635 515 3693; x_wconf 84' lang='lat' dir='ltr'>fucere</span> <span class='ocrx_word' id='word_1_473' title='bbox 529 3636 614 3693; x_wconf 90' lang='lat' dir='ltr'>rolnit</span> <span class='ocrx_word' id='word_1_474' title='bbox 625 3637 689 3709; x_wconf 89' lang='lat' dir='ltr'>quia</span> <span class='ocrx_word' id='word_1_475' title='bbox 702 3653 752 3708; x_wconf 87' lang='lat' dir='ltr'>per</span> <span class='ocrx_word' id='word_1_476' title='bbox 765 3637 896 3709; x_wconf 90' lang='lat' dir='ltr'>Spiritum</span> <span class='ocrx_word' id='word_1_477' title='bbox 912 3655 977 3696; x_wconf 87' lang='lat' dir='ltr'>sau·</span> <span class='ocrx_word' id='word_1_478' title='bbox 1027 3639 1157 3710; x_wconf 71' lang='lat' dir='ltr'>magister</span> <span class='ocrx_word' id='word_1_479' title='bbox 1166 3648 1336 3710; x_wconf 72' lang='lat' dir='ltr'>agnosceret,</span> <span class='ocrx_word' id='word_1_480' title='bbox 1346 3653 1409 3694; x_wconf 83' lang='lat' dir='ltr'>ortui</span> <span class='ocrx_word' id='word_1_481' title='bbox 1421 3650 1475 3708; x_wconf 91' lang='lat' dir='ltr'>quo</span> <span class='ocrx_word' id='word_1_482' title='bbox 1484 3637 1611 3694; x_wconf 84' lang='lat' dir='ltr'>videlicet</span> <span class='ocrx_word' id='word_1_483' title='bbox 1621 3654 1700 3694; x_wconf 90' lang='lat' dir='ltr'>nomo</span> <span class='ocrx_word' id='word_1_484' title='bbox 1711 3637 1821 3693; x_wconf 81' lang='lat' dir='ltr'>aliunde</span> 
     </span>
     <span class='ocr_line' id='line_1_38' title="bbox 149 3714 1820 3804; baseline 0.001 -23"><span class='ocrx_word' id='word_1_485' title='bbox 149 3714 152 3717; x_wconf 16' lang='grc' dir='ltr'><strong>Δ</strong></span> <span class='ocrx_word' id='word_1_486' title='bbox 185 3735 258 3781; x_wconf 86' lang='lat' dir='ltr'>ctum</span> <span class='ocrx_word' id='word_1_487' title='bbox 269 3767 276 3793; x_wconf 95' lang='lat'>,</span> <span class='ocrx_word' id='word_1_488' title='bbox 289 3728 336 3799; x_wconf 92' lang='lat' dir='ltr'>qui</span> <span class='ocrx_word' id='word_1_489' title='bbox 358 3729 385 3782; x_wconf 92' lang='lat' dir='ltr'>in</span> <span class='ocrx_word' id='word_1_490' title='bbox 408 3727 467 3796; x_wconf 84' lang='lat' dir='ltr'>ejus</span> <span class='ocrx_word' id='word_1_491' title='bbox 488 3737 598 3800; x_wconf 88' lang='lat' dir='ltr'>pectore</span> <span class='ocrx_word' id='word_1_492' title='bbox 612 3731 790 3800; x_wconf 79' lang='lat' dir='ltr'>praesidebat,</span> <span class='ocrx_word' id='word_1_493' title='bbox 805 3730 977 3804; x_wconf 73' lang='lat' dir='ltr'>effugandum</span> <span class='ocrx_word' id='word_1_494' title='bbox 1011 3722 1141 3784; x_wconf 81' lang='lat' dir='ltr'>¹terricus</span> <span class='ocrx_word' id='word_1_495' title='bbox 1162 3729 1327 3799; x_wconf 76' lang='lat' dir='ltr'>colloquium</span> <span class='ocrx_word' id='word_1_496' title='bbox 1340 3729 1490 3798; x_wconf 81' lang='lat' dir='ltr'>habuisset,</span> <span class='ocrx_word' id='word_1_497' title='bbox 1501 3746 1557 3785; x_wconf 87' lang='lat' dir='ltr'>reru</span> <span class='ocrx_word' id='word_1_498' title='bbox 1573 3728 1820 3798; x_wconf 76' lang='lat' dir='ltr'>solliciteperqui·</span> 
     </span>
     <span class='ocr_line' id='line_1_39' title="bbox 184 3818 1818 3899; baseline 0 -26"><span class='ocrx_word' id='word_1_499' title='bbox 184 3832 246 3873; x_wconf 86' lang='lat' dir='ltr'>esse</span> <span class='ocrx_word' id='word_1_500' title='bbox 260 3818 459 3889; x_wconf 88' lang='lat' dir='ltr'>iniquissimum</span> <span class='ocrx_word' id='word_1_501' title='bbox 473 3820 579 3876; x_wconf 86' lang='lat' dir='ltr'>bostem</span> <span class='ocrx_word' id='word_1_502' title='bbox 602 3820 704 3878; x_wconf 89' lang='lat' dir='ltr'>doloris</span> <span class='ocrx_word' id='word_1_503' title='bbox 719 3823 900 3878; x_wconf 82' lang='lat' dir='ltr'>immissorem</span> <span class='ocrx_word' id='word_1_504' title='bbox 918 3838 978 3879; x_wconf 90' lang='lat' dir='ltr'>ero·</span> <span class='ocrx_word' id='word_1_505' title='bbox 1027 3819 1108 3899; x_wconf 72' lang='lat' dir='ltr'>sirit,</span> <span class='ocrx_word' id='word_1_506' title='bbox 1129 3827 1157 3876; x_wconf 90' lang='lat' dir='ltr'>et</span> <span class='ocrx_word' id='word_1_507' title='bbox 1186 3819 1224 3875; x_wconf 87' lang='lat' dir='ltr'>ita</span> <span class='ocrx_word' id='word_1_508' title='bbox 1252 3835 1330 3887; x_wconf 77' lang='lat' dir='ltr'>esse,</span> <span class='ocrx_word' id='word_1_509' title='bbox 1352 3819 1425 3876; x_wconf 87' lang='lat' dir='ltr'>sicut</span> <span class='ocrx_word' id='word_1_510' title='bbox 1448 3822 1490 3875; x_wconf 87' lang='lat' dir='ltr'>rir</span> <span class='ocrx_word' id='word_1_511' title='bbox 1517 3821 1681 3877; x_wconf 85' lang='lat' dir='ltr'>uenerabilis</span> <span class='ocrx_word' id='word_1_512' title='bbox 1701 3822 1818 3888; x_wconf 84' lang='lat' dir='ltr'>dixerat,</span> 
     </span>
     <span class='ocr_line' id='line_1_40' title="bbox 185 3896 1818 3985; baseline 0.005 -24"><span class='ocrx_word' id='word_1_513' title='bbox 185 3907 263 3962; x_wconf 88' lang='lat' dir='ltr'>didit.</span> <span class='ocrx_word' id='word_1_514' title='bbox 277 3907 318 3962; x_wconf 79' lang='lat' dir='ltr'>Ad</span> <span class='ocrx_word' id='word_1_515' title='bbox 332 3909 485 3964; x_wconf 86' lang='lat' dir='ltr'>eritaudant</span> <span class='ocrx_word' id='word_1_516' title='bbox 498 3924 563 3966; x_wconf 84' lang='lat' dir='ltr'>uero</span> <span class='ocrx_word' id='word_1_517' title='bbox 577 3913 715 3983; x_wconf 85' lang='lat' dir='ltr'>propriam</span> <span class='ocrx_word' id='word_1_518' title='bbox 728 3912 835 3968; x_wconf 88' lang='lat' dir='ltr'>laudem</span> <span class='ocrx_word' id='word_1_519' title='bbox 845 3923 873 3967; x_wconf 89' lang='lat' dir='ltr'>et</span> <span class='ocrx_word' id='word_1_520' title='bbox 883 3913 976 3968; x_wconf 87' lang='lat' dir='ltr'>luduin</span> <span class='ocrx_word' id='word_1_521' title='bbox 1028 3896 1225 3982; x_wconf 84' lang='lat' dir='ltr'>comprobarit.</span> <span class='ocrx_word' id='word_1_522' title='bbox 1240 3911 1331 3985; x_wconf 74' lang='lat' dir='ltr'>Pergit</span> <span class='ocrx_word' id='word_1_523' title='bbox 1349 3911 1393 3968; x_wconf 90' lang='lat' dir='ltr'>ille</span> <span class='ocrx_word' id='word_1_524' title='bbox 1419 3912 1453 3968; x_wconf 85' lang='lat' dir='ltr'>ad</span> <span class='ocrx_word' id='word_1_525' title='bbox 1475 3912 1558 3968; x_wconf 87' lang='lat' dir='ltr'>alium</span> <span class='ocrx_word' id='word_1_526' title='bbox 1579 3928 1658 3969; x_wconf 84' lang='lat' dir='ltr'>stttnu</span> <span class='ocrx_word' id='word_1_527' title='bbox 1679 3913 1818 3970; x_wconf 82' lang='lat' dir='ltr'>condisci-</span> 
     </span>
     <span class='ocr_line' id='line_1_41' title="bbox 185 3995 1819 4079; baseline 0.005 -28"><span class='ocrx_word' id='word_1_528' title='bbox 185 3995 264 4051; x_wconf 84' lang='lat' dir='ltr'>llurit</span> <span class='ocrx_word' id='word_1_529' title='bbox 281 4005 309 4051; x_wconf 88' lang='lat' dir='ltr'>et</span> <span class='ocrx_word' id='word_1_530' title='bbox 323 3998 411 4054; x_wconf 85' lang='lat' dir='ltr'>socios</span> <span class='ocrx_word' id='word_1_531' title='bbox 424 3998 557 4069; x_wconf 72' lang='lat' dir='ltr'>quesivit.</span> <span class='ocrx_word' id='word_1_532' title='bbox 571 3999 639 4054; x_wconf 84' lang='lat' dir='ltr'>Nam</span> <span class='ocrx_word' id='word_1_533' title='bbox 655 4000 861 4079; x_wconf 70' lang='lat' dir='ltr'>etlledemptor</span> <span class='ocrx_word' id='word_1_534' title='bbox 883 4010 976 4057; x_wconf 88' lang='lat' dir='ltr'>noster</span> <span class='ocrx_word' id='word_1_535' title='bbox 1027 4002 1130 4072; x_wconf 87' lang='lat' dir='ltr'>pulum,</span> <span class='ocrx_word' id='word_1_536' title='bbox 1142 4001 1271 4058; x_wconf 82' lang='lat' dir='ltr'>uidelicet</span> <span class='ocrx_word' id='word_1_537' title='bbox 1284 4002 1478 4074; x_wconf 81' lang='lat' dir='ltr'>ingelbertum,</span> <span class='ocrx_word' id='word_1_538' title='bbox 1491 4003 1537 4073; x_wconf 91' lang='lat' dir='ltr'>qui</span> <span class='ocrx_word' id='word_1_539' title='bbox 1552 4003 1819 4065; x_wconf 81' lang='lat' dir='ltr'>inclusos‘mrnebat.</span> 
     </span>
     <span class='ocr_line' id='line_1_42' title="bbox 185 4082 1816 4165; baseline 0.005 -25"><span class='ocrx_word' id='word_1_540' title='bbox 185 4084 335 4143; x_wconf 85' lang='lat' dir='ltr'>iusulllasse</span> <span class='ocrx_word' id='word_1_541' title='bbox 349 4086 462 4158; x_wconf 74' lang='lat' dir='ltr'>legitur,</span> <span class='ocrx_word' id='word_1_542' title='bbox 477 4104 538 4144; x_wconf 85' lang='lat' dir='ltr'>curn</span> <span class='ocrx_word' id='word_1_543' title='bbox 560 4087 692 4159; x_wconf 87' lang='lat' dir='ltr'>Spiritum</span> <span class='ocrx_word' id='word_1_544' title='bbox 705 4100 829 4147; x_wconf 86' lang='lat' dir='ltr'>sanctuni</span> <span class='ocrx_word' id='word_1_545' title='bbox 847 4091 977 4162; x_wconf 87' lang='lat' dir='ltr'>apostolis</span> <span class='ocrx_word' id='word_1_546' title='bbox 1027 4102 1055 4150; x_wconf 94' lang='lat' dir='ltr'>et</span> <span class='ocrx_word' id='word_1_547' title='bbox 1072 4094 1229 4165; x_wconf 73' lang='lat' dir='ltr'>magistrum</span> <span class='ocrx_word' id='word_1_548' title='bbox 1248 4094 1307 4149; x_wconf 82' lang='lat' dir='ltr'>baec</span> <span class='ocrx_word' id='word_1_549' title='bbox 1319 4094 1435 4161; x_wconf 75' lang='lat' dir='ltr'>dixisse,</span> <span class='ocrx_word' id='word_1_550' title='bbox 1449 4102 1477 4148; x_wconf 90' lang='lat' dir='ltr'>et</span> <span class='ocrx_word' id='word_1_551' title='bbox 1491 4082 1552 4149; x_wconf 78' lang='lat' dir='ltr'>sine</span> <span class='ocrx_word' id='word_1_552' title='bbox 1564 4092 1647 4148; x_wconf 91' lang='lat' dir='ltr'>dubio</span> <span class='ocrx_word' id='word_1_553' title='bbox 1664 4093 1816 4163; x_wconf 78' lang='lat' dir='ltr'>prophetie</span> 
     </span>
     <span class='ocr_line' id='line_1_43' title="bbox 185 4176 1818 4255; baseline 0.006 -24"><span class='ocrx_word' id='word_1_554' title='bbox 185 4176 292 4232; x_wconf 87' lang='lat' dir='ltr'>dedisse</span> <span class='ocrx_word' id='word_1_555' title='bbox 302 4178 462 4249; x_wconf 83' lang='lat' dir='ltr'>perhibetur</span> <span class='ocrx_word' id='word_1_556' title='bbox 477 4178 570 4254; x_wconf 80' lang='lat' dir='ltr'>(doun.</span> <span class='ocrx_word' id='word_1_557' title='bbox 588 4182 645 4253; x_wconf 82' lang='lat' dir='ltr'>xx).</span> <span class='ocrx_word' id='word_1_558' title='bbox 1027 4183 1154 4254; x_wconf 87' lang='lat' dir='ltr'>spiritum</span> <span class='ocrx_word' id='word_1_559' title='bbox 1176 4183 1278 4240; x_wconf 89' lang='lat' dir='ltr'>babere</span> <span class='ocrx_word' id='word_1_560' title='bbox 1301 4198 1415 4255; x_wconf 90' lang='lat' dir='ltr'>prorsus</span> <span class='ocrx_word' id='word_1_561' title='bbox 1436 4181 1562 4238; x_wconf 80' lang='lat' dir='ltr'>affirmat.</span> <span class='ocrx_word' id='word_1_562' title='bbox 1585 4183 1633 4239; x_wconf 93' lang='lat' dir='ltr'>llle</span> <span class='ocrx_word' id='word_1_563' title='bbox 1653 4184 1818 4250; x_wconf 89' lang='lat' dir='ltr'>autom,de·</span> 
     </span>
     <span class='ocr_line' id='line_1_44' title="bbox 480 4275 1821 4351; baseline -0.003 -17"><span class='ocrx_word' id='word_1_564' title='bbox 480 4290 595 4349; x_wconf 70' lang='lat' dir='ltr'>crpur</span> <span class='ocrx_word' id='word_1_565' title='bbox 614 4292 681 4351; x_wconf 77' lang='lat' dir='ltr'>le.</span> <span class='ocrx_word' id='word_1_566' title='bbox 1028 4285 1132 4334; x_wconf 84' lang='lat' dir='ltr'>testans</span> <span class='ocrx_word' id='word_1_567' title='bbox 1155 4285 1183 4333; x_wconf 90' lang='lat' dir='ltr'>ot</span> <span class='ocrx_word' id='word_1_568' title='bbox 1207 4276 1476 4348; x_wconf 77' lang='lat' dir='ltr'>penitusdeuogans,</span> <span class='ocrx_word' id='word_1_569' title='bbox 1492 4275 1605 4331; x_wconf 86' lang='lat' dir='ltr'>fratrom</span> <span class='ocrx_word' id='word_1_570' title='bbox 1626 4275 1770 4346; x_wconf 88' lang='lat' dir='ltr'>corripuit,</span> <span class='ocrx_word' id='word_1_571' title='bbox 1793 4285 1821 4331; x_wconf 94' lang='lat' dir='ltr'>et</span> 
     </span>
     <span class='ocr_line' id='line_1_45' title="bbox 342 4364 1818 4450; baseline -0.001 -28"><span class='ocrx_word' id='word_1_572' title='bbox 342 4379 379 4434; x_wconf 61' lang='lat' dir='ltr'>pe</span> <span class='ocrx_word' id='word_1_573' title='bbox 394 4380 499 4444; x_wconf 67' lang='lat' dir='ltr'>imm,</span> <span class='ocrx_word' id='word_1_574' title='bbox 514 4397 591 4450; x_wconf 62' lang='lat' dir='ltr'>qm,</span> <span class='ocrx_word' id='word_1_575' title='bbox 605 4383 695 4437; x_wconf 62' lang='lat' dir='ltr'>mro</span> <span class='ocrx_word' id='word_1_576' title='bbox 708 4384 819 4437; x_wconf 58' lang='lat' dir='ltr'>cmm,</span> <span class='ocrx_word' id='word_1_577' title='bbox 1027 4367 1090 4441; x_wconf 87' lang='lat' dir='ltr'>quia</span> <span class='ocrx_word' id='word_1_578' title='bbox 1102 4370 1153 4425; x_wconf 89' lang='lat' dir='ltr'>boc</span> <span class='ocrx_word' id='word_1_579' title='bbox 1165 4366 1262 4422; x_wconf 86' lang='lat' dir='ltr'>falsum</span> <span class='ocrx_word' id='word_1_580' title='bbox 1275 4374 1357 4432; x_wconf 86' lang='lat' dir='ltr'>esset,</span> <span class='ocrx_word' id='word_1_581' title='bbox 1372 4364 1736 4436; x_wconf 83' lang='lat' dir='ltr'>imprecationisserinculis</span> <span class='ocrx_word' id='word_1_582' title='bbox 1749 4365 1818 4421; x_wconf 88' lang='lat' dir='ltr'>obli·</span> 
     </span>
     <span class='ocr_line' id='line_1_46' title="bbox 222 4453 1816 4564; baseline -0.002 -55"><span class='ocrx_word' id='word_1_583' title='bbox 222 4468 271 4524; x_wconf 70' lang='lat' dir='ltr'>rr.-</span> <span class='ocrx_word' id='word_1_584' title='bbox 293 4467 404 4539; x_wconf 81' lang='lat' dir='ltr'>quidam</span> <span class='ocrx_word' id='word_1_585' title='bbox 424 4469 522 4539; x_wconf 56' lang='lat' dir='ltr'>cappis</span> <span class='ocrx_word' id='word_1_586' title='bbox 545 4470 700 4541; x_wconf 56' lang='lat' dir='ltr'>mucram„</span> <span class='ocrx_word' id='word_1_587' title='bbox 722 4472 868 4540; x_wconf 51' lang='lat' dir='ltr'>insaniam,</span> <span class='ocrx_word' id='word_1_588' title='bbox 883 4473 920 4528; x_wconf 84' lang='lat' dir='ltr'>ita</span> <span class='ocrx_word' id='word_1_589' title='bbox 936 4484 976 4540; x_wconf 88' lang='lat' dir='ltr'>ut,</span> <span class='ocrx_word' id='word_1_590' title='bbox 991 4503 1015 4564; x_wconf 67' lang='grc' dir='ltr'>ὓ</span> <span class='ocrx_word' id='word_1_591' title='bbox 1028 4457 1111 4527; x_wconf 82' lang='lat' dir='ltr'>qarit,</span> <span class='ocrx_word' id='word_1_592' title='bbox 1123 4456 1239 4511; x_wconf 85' lang='lat' dir='ltr'>diceus:</span> <span class='ocrx_word' id='word_1_593' title='bbox 1264 4453 1293 4510; x_wconf 89' lang='lat' dir='ltr'>Si</span> <span class='ocrx_word' id='word_1_594' title='bbox 1305 4455 1349 4510; x_wconf 90' lang='lat' dir='ltr'>illo</span> <span class='ocrx_word' id='word_1_595' title='bbox 1363 4455 1416 4511; x_wconf 90' lang='lat' dir='ltr'>ltoe</span> <span class='ocrx_word' id='word_1_596' title='bbox 1430 4469 1478 4526; x_wconf 90' lang='lat' dir='ltr'>por</span> <span class='ocrx_word' id='word_1_597' title='bbox 1501 4454 1652 4525; x_wconf 77' lang='lat' dir='ltr'>prophetie</span> <span class='ocrx_word' id='word_1_598' title='bbox 1677 4453 1816 4523; x_wconf 84' lang='lat' dir='ltr'>spiritum.</span> 
     </span>
     <span class='ocr_line' id='line_1_47' title="bbox 185 4543 1823 4634; baseline -0.005 -30"><span class='ocrx_word' id='word_1_599' title='bbox 185 4574 267 4615; x_wconf 63' lang='lat' dir='ltr'>remu</span> <span class='ocrx_word' id='word_1_600' title='bbox 279 4558 394 4614; x_wconf 68' lang='lat' dir='ltr'>rationis</span> <span class='ocrx_word' id='word_1_601' title='bbox 405 4559 517 4624; x_wconf 63' lang='lat' dir='ltr'>amisso,</span> <span class='ocrx_word' id='word_1_602' title='bbox 532 4558 574 4615; x_wconf 70' lang='lat' dir='ltr'>ret</span> <span class='ocrx_word' id='word_1_603' title='bbox 596 4559 662 4630; x_wconf 73' lang='lat' dir='ltr'>quid</span> <span class='ocrx_word' id='word_1_604' title='bbox 676 4571 770 4633; x_wconf 62' lang='lat' dir='ltr'>agerer</span> <span class='ocrx_word' id='word_1_605' title='bbox 790 4561 832 4620; x_wconf 63' lang='lat' dir='ltr'>rer</span> <span class='ocrx_word' id='word_1_606' title='bbox 857 4563 922 4634; x_wconf 66' lang='lat' dir='ltr'>quiq</span> <span class='ocrx_word' id='word_1_607' title='bbox 936 4561 977 4618; x_wconf 74' lang='lat' dir='ltr'>pr.</span> <span class='ocrx_word' id='word_1_608' title='bbox 1028 4556 1057 4602; x_wconf 88' lang='lat' dir='ltr'>ct</span> <span class='ocrx_word' id='word_1_609' title='bbox 1080 4561 1134 4602; x_wconf 91' lang='lat' dir='ltr'>uon</span> <span class='ocrx_word' id='word_1_610' title='bbox 1149 4546 1238 4618; x_wconf 78' lang='lat' dir='ltr'>magis</span> <span class='ocrx_word' id='word_1_611' title='bbox 1251 4560 1300 4615; x_wconf 91' lang='lat' dir='ltr'>per</span> <span class='ocrx_word' id='word_1_612' title='bbox 1312 4546 1449 4601; x_wconf 90' lang='lat' dir='ltr'>diabolum</span> <span class='ocrx_word' id='word_1_613' title='bbox 1470 4544 1552 4610; x_wconf 79' lang='lat' dir='ltr'>dixit,</span> <span class='ocrx_word' id='word_1_614' title='bbox 1568 4558 1621 4599; x_wconf 85' lang='lat' dir='ltr'>nou</span> <span class='ocrx_word' id='word_1_615' title='bbox 1638 4558 1682 4599; x_wconf 90' lang='lat' dir='ltr'>me</span> <span class='ocrx_word' id='word_1_616' title='bbox 1697 4543 1823 4613; x_wconf 84' lang='lat' dir='ltr'>omnipo·</span> 
     </span>
     <span class='ocr_line' id='line_1_48' title="bbox 186 4634 1819 4719; baseline -0.003 -26"><span class='ocrx_word' id='word_1_617' title='bbox 186 4658 261 4703; x_wconf 62' lang='lat' dir='ltr'>rerer</span> <span class='ocrx_word' id='word_1_618' title='bbox 290 4647 414 4705; x_wconf 67' lang='lat' dir='ltr'>sonorius</span> <span class='ocrx_word' id='word_1_619' title='bbox 437 4648 585 4719; x_wconf 66' lang='lat' dir='ltr'>ignoraret„</span> <span class='ocrx_word' id='word_1_620' title='bbox 612 4649 683 4707; x_wconf 67' lang='lat' dir='ltr'>nuic</span> <span class='ocrx_word' id='word_1_621' title='bbox 713 4649 885 4707; x_wconf 56' lang='lat' dir='ltr'>nomurrdus</span> <span class='ocrx_word' id='word_1_622' title='bbox 909 4651 979 4708; x_wconf 70' lang='lat' dir='ltr'>‚pru</span> <span class='ocrx_word' id='word_1_623' title='bbox 1029 4647 1090 4695; x_wconf 88' lang='lat' dir='ltr'>teos</span> <span class='ocrx_word' id='word_1_624' title='bbox 1112 4637 1184 4695; x_wconf 73' lang='lat' dir='ltr'>bonu</span> <span class='ocrx_word' id='word_1_625' title='bbox 1196 4639 1225 4693; x_wconf 91' lang='lat' dir='ltr'>iu</span> <span class='ocrx_word' id='word_1_626' title='bbox 1238 4637 1291 4692; x_wconf 89' lang='lat' dir='ltr'>boc</span> <span class='ocrx_word' id='word_1_627' title='bbox 1306 4636 1456 4693; x_wconf 83' lang='lat' dir='ltr'>reclusorio</span> <span class='ocrx_word' id='word_1_628' title='bbox 1469 4650 1645 4707; x_wconf 84' lang='lat' dir='ltr'>perseverare</span> <span class='ocrx_word' id='word_1_629' title='bbox 1669 4634 1819 4704; x_wconf 79' lang='lat' dir='ltr'>permittat.</span> 
     </span>
     <span class='ocr_line' id='line_1_49' title="bbox 186 4724 1820 4816; baseline -0.003 -33"><span class='ocrx_word' id='word_1_630' title='bbox 186 4740 259 4795; x_wconf 56' lang='lat' dir='ltr'>priua</span> <span class='ocrx_word' id='word_1_631' title='bbox 271 4738 347 4806; x_wconf 59' lang='lat' dir='ltr'>serre,</span> <span class='ocrx_word' id='word_1_632' title='bbox 361 4739 414 4795; x_wconf 65' lang='lat' dir='ltr'><strong>„isi</strong></span> <span class='ocrx_word' id='word_1_633' title='bbox 424 4739 594 4797; x_wconf 59' lang='lat' dir='ltr'>„dummodo</span> <span class='ocrx_word' id='word_1_634' title='bbox 603 4741 726 4798; x_wconf 58' lang='lat' dir='ltr'>(mrum</span> <span class='ocrx_word' id='word_1_635' title='bbox 739 4741 865 4813; x_wconf 57' lang='lat' dir='ltr'>maun,</span> <span class='ocrx_word' id='word_1_636' title='bbox 878 4751 906 4799; x_wconf 53' lang='grc' dir='ltr'>ος</span> <span class='ocrx_word' id='word_1_637' title='bbox 918 4757 978 4816; x_wconf 61' lang='lat'>9⁸⁰·</span> <span class='ocrx_word' id='word_1_638' title='bbox 1029 4728 1146 4792; x_wconf 82' lang='lat' dir='ltr'>Dictum,</span> <span class='ocrx_word' id='word_1_639' title='bbox 1156 4727 1311 4799; x_wconf 89' lang='lat' dir='ltr'>factumque</span> <span class='ocrx_word' id='word_1_640' title='bbox 1320 4735 1371 4783; x_wconf 88' lang='lat' dir='ltr'>est.</span> <span class='ocrx_word' id='word_1_641' title='bbox 1383 4726 1450 4782; x_wconf 77' lang='lat' dir='ltr'>llam</span> <span class='ocrx_word' id='word_1_642' title='bbox 1462 4727 1506 4782; x_wconf 82' lang='lat' dir='ltr'>rix</span> <span class='ocrx_word' id='word_1_643' title='bbox 1515 4725 1611 4798; x_wconf 87' lang='lat' dir='ltr'>paucis</span> <span class='ocrx_word' id='word_1_644' title='bbox 1623 4724 1720 4781; x_wconf 90' lang='lat' dir='ltr'>dicbus</span> <span class='ocrx_word' id='word_1_645' title='bbox 1729 4732 1820 4779; x_wconf 85' lang='lat' dir='ltr'>trano-</span> 
     </span>
     <span class='ocr_line' id='line_1_50' title="bbox 188 4813 1819 4902; baseline -0.005 -27"><span class='ocrx_word' id='word_1_646' title='bbox 188 4833 260 4886; x_wconf 66' lang='lat' dir='ltr'>rrqus</span> <span class='ocrx_word' id='word_1_647' title='bbox 282 4830 358 4886; x_wconf 70' lang='lat' dir='ltr'>inum</span> <span class='ocrx_word' id='word_1_648' title='bbox 377 4831 412 4886; x_wconf 65' lang='lat' dir='ltr'>aa</span> <span class='ocrx_word' id='word_1_649' title='bbox 434 4828 646 4888; x_wconf 60' lang='lat' dir='ltr'>incolumitatem</span> <span class='ocrx_word' id='word_1_650' title='bbox 661 4832 804 4902; x_wconf 62' lang='lat' dir='ltr'>prrsum</span> <span class='ocrx_word' id='word_1_651' title='bbox 827 4834 977 4901; x_wconf 56' lang='lat' dir='ltr'>moena,</span> <span class='ocrx_word' id='word_1_652' title='bbox 1030 4821 1111 4888; x_wconf 88' lang='lat' dir='ltr'>actis,</span> <span class='ocrx_word' id='word_1_653' title='bbox 1128 4818 1312 4890; x_wconf 66' lang='lat' dir='ltr'>hrotbertus,</span> <span class='ocrx_word' id='word_1_654' title='bbox 1328 4817 1416 4873; x_wconf 88' lang='lat' dir='ltr'>fracto</span> <span class='ocrx_word' id='word_1_655' title='bbox 1435 4816 1597 4884; x_wconf 90' lang='lat' dir='ltr'>reclusorio,</span> <span class='ocrx_word' id='word_1_656' title='bbox 1619 4815 1679 4871; x_wconf 84' lang='lat' dir='ltr'>siue</span> <span class='ocrx_word' id='word_1_657' title='bbox 1694 4813 1819 4886; x_wconf 69' lang='lat' dir='ltr'>magistri</span> 
     </span>
     <span class='ocr_line' id='line_1_51' title="bbox 142 4908 1820 4994; baseline -0.014 -12"><span class='ocrx_word' id='word_1_658' title='bbox 142 4978 146 4982; x_wconf 86' lang='lat'>.</span> <span class='ocrx_word' id='word_1_659' title='bbox 186 4932 289 4978; x_wconf 88' lang='lat' dir='ltr'>etcum</span> <span class='ocrx_word' id='word_1_660' title='bbox 304 4923 426 4992; x_wconf 89' lang='lat' dir='ltr'>inquieto</span> <span class='ocrx_word' id='word_1_661' title='bbox 437 4924 546 4979; x_wconf 88' lang='lat' dir='ltr'>bomine</span> <span class='ocrx_word' id='word_1_662' title='bbox 556 4924 620 4979; x_wconf 89' lang='lat' dir='ltr'>dum</span> <span class='ocrx_word' id='word_1_663' title='bbox 638 4939 733 4994; x_wconf 88' lang='lat' dir='ltr'>pacem</span> <span class='ocrx_word' id='word_1_664' title='bbox 743 4924 818 4993; x_wconf 84' lang='lat' dir='ltr'>fecit,</span> <span class='ocrx_word' id='word_1_665' title='bbox 830 4927 865 4983; x_wconf 87' lang='lat' dir='ltr'>ad</span> <span class='ocrx_word' id='word_1_666' title='bbox 880 4927 978 4982; x_wconf 67' lang='lat' dir='ltr'>moniis</span> <span class='ocrx_word' id='word_1_667' title='bbox 1030 4911 1138 4967; x_wconf 88' lang='lat' dir='ltr'>lloeutia</span> <span class='ocrx_word' id='word_1_668' title='bbox 1149 4910 1225 4977; x_wconf 89' lang='lat' dir='ltr'>abiit,</span> <span class='ocrx_word' id='word_1_669' title='bbox 1237 4919 1265 4966; x_wconf 93' lang='lat' dir='ltr'>et</span> <span class='ocrx_word' id='word_1_670' title='bbox 1275 4926 1337 4967; x_wconf 88' lang='lat' dir='ltr'>euro</span> <span class='ocrx_word' id='word_1_671' title='bbox 1353 4910 1381 4966; x_wconf 92' lang='lat' dir='ltr'>in</span> <span class='ocrx_word' id='word_1_672' title='bbox 1391 4911 1443 4966; x_wconf 88' lang='lat' dir='ltr'>bac</span> <span class='ocrx_word' id='word_1_673' title='bbox 1456 4910 1521 4975; x_wconf 86' lang='lat' dir='ltr'>rita,</span> <span class='ocrx_word' id='word_1_674' title='bbox 1534 4909 1607 4965; x_wconf 88' lang='lat' dir='ltr'>siout</span> <span class='ocrx_word' id='word_1_675' title='bbox 1622 4908 1732 4972; x_wconf 88' lang='lat' dir='ltr'>dicitur,</span> <span class='ocrx_word' id='word_1_676' title='bbox 1749 4921 1820 4960; x_wconf 84' lang='lat' dir='ltr'>uuir·</span> 
     </span>
     <span class='ocr_line' id='line_1_52' title="bbox 187 4996 1332 5085; baseline 0 -16"><span class='ocrx_word' id='word_1_677' title='bbox 187 5028 248 5069; x_wconf 87' lang='lat' dir='ltr'>eum</span> <span class='ocrx_word' id='word_1_678' title='bbox 259 5027 414 5083; x_wconf 77' lang='lat' dir='ltr'>suopaoem</span> <span class='ocrx_word' id='word_1_679' title='bbox 424 5014 540 5070; x_wconf 84' lang='lat' dir='ltr'>reduxit.</span> <span class='ocrx_word' id='word_1_680' title='bbox 550 5011 695 5069; x_wconf 75' lang='lat' dir='ltr'>Referebat</span> <span class='ocrx_word' id='word_1_681' title='bbox 706 5024 796 5070; x_wconf 87' lang='lat' dir='ltr'>autem</span> <span class='ocrx_word' id='word_1_682' title='bbox 806 5015 976 5085; x_wconf 86' lang='lat' dir='ltr'>postmodum</span> <span class='ocrx_word' id='word_1_683' title='bbox 1030 5013 1112 5069; x_wconf 74' lang='lat' dir='ltr'>l¹¹²¹¹¹</span> <span class='ocrx_word' id='word_1_684' title='bbox 1126 4996 1241 5053; x_wconf 56' lang='lat' dir='ltr'>”milui</span> <span class='ocrx_word' id='word_1_685' title='bbox 1255 4996 1332 5051; x_wconf 62' lang='lat' dir='ltr'>illm·</span> 
     </span>
     <span class='ocr_line' id='line_1_53' title="bbox 187 5081 1529 5175; baseline 0 -14"><span class='ocrx_word' id='word_1_686' title='bbox 187 5103 233 5161; x_wconf 91' lang='lat' dir='ltr'>illo</span> <span class='ocrx_word' id='word_1_687' title='bbox 242 5104 288 5175; x_wconf 88' lang='lat' dir='ltr'>qui</span> <span class='ocrx_word' id='word_1_688' title='bbox 298 5103 514 5170; x_wconf 84' lang='lat' dir='ltr'>curatusluerat,</span> <span class='ocrx_word' id='word_1_689' title='bbox 526 5104 634 5161; x_wconf 74' lang='lat' dir='ltr'>dicensi</span> <span class='ocrx_word' id='word_1_690' title='bbox 645 5101 713 5171; x_wconf 80' lang='lat' dir='ltr'>Quia</span> <span class='ocrx_word' id='word_1_691' title='bbox 724 5119 787 5160; x_wconf 90' lang='lat' dir='ltr'>oum</span> <span class='ocrx_word' id='word_1_692' title='bbox 800 5120 879 5161; x_wconf 84' lang='lat' dir='ltr'>sacra</span> <span class='ocrx_word' id='word_1_693' title='bbox 903 5105 975 5162; x_wconf 74' lang='lat' dir='ltr'>boati</span> <span class='ocrx_word' id='word_1_694' title='bbox 1322 5082 1437 5141; x_wconf 50' lang='lat' dir='ltr'>CAPUT</span> <span class='ocrx_word' id='word_1_695' title='bbox 1451 5081 1529 5138; x_wconf 65' lang='grc' dir='ltr'><strong>ῙΝῙῙ·</strong></span> 
     </span>
     <span class='ocr_line' id='line_1_54' title="bbox 187 5173 1784 5269; baseline -0.004 -38"><span class='ocrx_word' id='word_1_696' title='bbox 187 5196 239 5252; x_wconf 54' lang='grc' dir='ltr'>,ἰή</span> <span class='ocrx_word' id='word_1_697' title='bbox 252 5195 323 5252; x_wconf 61' lang='lat' dir='ltr'>pappa</span> <span class='ocrx_word' id='word_1_698' title='bbox 337 5203 448 5266; x_wconf 53' lang='lat' dir='ltr'>„1¹30oe</span> <span class='ocrx_word' id='word_1_699' title='bbox 461 5195 559 5262; x_wconf 53' lang='lat' dir='ltr'>merui,</span> <span class='ocrx_word' id='word_1_700' title='bbox 575 5196 666 5252; x_wconf 57' lang='lat' dir='ltr'>,mim</span> <span class='ocrx_word' id='word_1_701' title='bbox 681 5196 790 5265; x_wconf 52' lang='lat' dir='ltr'>prodire</span> <span class='ocrx_word' id='word_1_702' title='bbox 803 5211 841 5251; x_wconf 56' lang='lat'>33,</span> <span class='ocrx_word' id='word_1_703' title='bbox 852 5212 900 5253; x_wconf 56' lang='lat' dir='ltr'>of,</span> <span class='ocrx_word' id='word_1_704' title='bbox 915 5199 974 5269; x_wconf 62' lang='lat' dir='ltr'>epus</span> <span class='ocrx_word' id='word_1_705' title='bbox 1063 5175 1103 5234; x_wconf 79' lang='lat' dir='ltr'>Dr</span> <span class='ocrx_word' id='word_1_706' title='bbox 1117 5175 1277 5242; x_wconf 78' lang='lat' dir='ltr'>Gaudentio,</span> <span class='ocrx_word' id='word_1_707' title='bbox 1297 5185 1323 5231; x_wconf 86' lang='lat' dir='ltr'>et</span> <span class='ocrx_word' id='word_1_708' title='bbox 1340 5175 1470 5241; x_wconf 72' lang='lat' dir='ltr'>berardo,</span> <span class='ocrx_word' id='word_1_709' title='bbox 1487 5184 1512 5230; x_wconf 80' lang='lat' dir='ltr'>ot</span> <span class='ocrx_word' id='word_1_710' title='bbox 1528 5173 1658 5228; x_wconf 77' lang='lat' dir='ltr'>moerebo</span> <span class='ocrx_word' id='word_1_711' title='bbox 1679 5180 1784 5228; x_wconf 79' lang='lat' dir='ltr'>sonato.</span> 
     </span>
     <span class='ocr_line' id='line_1_55' title="bbox 186 5284 1821 5357; baseline 0.001 -17"><span class='ocrx_word' id='word_1_712' title='bbox 186 5286 264 5356; x_wconf 86' lang='lat' dir='ltr'>quasi</span> <span class='ocrx_word' id='word_1_713' title='bbox 276 5287 443 5343; x_wconf 84' lang='lat' dir='ltr'>robouieutis</span> <span class='ocrx_word' id='word_1_714' title='bbox 455 5302 529 5342; x_wconf 79' lang='lat' dir='ltr'>aurae</span> <span class='ocrx_word' id='word_1_715' title='bbox 542 5286 666 5357; x_wconf 83' lang='lat' dir='ltr'>spiritum</span> <span class='ocrx_word' id='word_1_716' title='bbox 685 5286 768 5350; x_wconf 86' lang='lat' dir='ltr'>serrsi,</span> <span class='ocrx_word' id='word_1_717' title='bbox 781 5286 827 5356; x_wconf 90' lang='lat' dir='ltr'>qui</span> <span class='ocrx_word' id='word_1_718' title='bbox 840 5295 924 5343; x_wconf 84' lang='lat' dir='ltr'>totam</span> <span class='ocrx_word' id='word_1_719' title='bbox 937 5288 976 5344; x_wconf 85' lang='lat' dir='ltr'>fa·</span> <span class='ocrx_word' id='word_1_720' title='bbox 1063 5291 1140 5346; x_wconf 80' lang='lat' dir='ltr'>Alius</span> <span class='ocrx_word' id='word_1_721' title='bbox 1150 5289 1245 5357; x_wconf 90' lang='lat' dir='ltr'>frater,</span> <span class='ocrx_word' id='word_1_722' title='bbox 1260 5289 1429 5346; x_wconf 85' lang='lat' dir='ltr'>Gaudentius</span> <span class='ocrx_word' id='word_1_723' title='bbox 1441 5288 1561 5354; x_wconf 87' lang='lat' dir='ltr'>nomine,</span> <span class='ocrx_word' id='word_1_724' title='bbox 1572 5287 1681 5343; x_wconf 87' lang='lat' dir='ltr'>abbatis</span> <span class='ocrx_word' id='word_1_725' title='bbox 1694 5284 1821 5342; x_wconf 82' lang='lat' dir='ltr'>videlicet</span> 
     </span>
     <span class='ocr_line' id='line_1_56' title="bbox 187 5375 1817 5450; baseline -0.001 -18"><span class='ocrx_word' id='word_1_726' title='bbox 187 5377 257 5432; x_wconf 91' lang='lat' dir='ltr'>ciem</span> <span class='ocrx_word' id='word_1_727' title='bbox 269 5392 368 5444; x_wconf 88' lang='lat' dir='ltr'>meam,</span> <span class='ocrx_word' id='word_1_728' title='bbox 383 5385 412 5433; x_wconf 86' lang='lat' dir='ltr'>et</span> <span class='ocrx_word' id='word_1_729' title='bbox 422 5378 509 5448; x_wconf 86' lang='lat' dir='ltr'>ipsum</span> <span class='ocrx_word' id='word_1_730' title='bbox 522 5377 639 5447; x_wconf 88' lang='lat' dir='ltr'>denique</span> <span class='ocrx_word' id='word_1_731' title='bbox 649 5376 767 5446; x_wconf 81' lang='lat' dir='ltr'>nuoiput</span> <span class='ocrx_word' id='word_1_732' title='bbox 778 5377 974 5449; x_wconf 66' lang='lat' dir='ltr'>perllaumom·</span> <span class='ocrx_word' id='word_1_733' title='bbox 1027 5379 1108 5449; x_wconf 83' lang='lat' dir='ltr'>buius</span> <span class='ocrx_word' id='word_1_734' title='bbox 1121 5378 1278 5436; x_wconf 69' lang='lat' dir='ltr'>Moriasterii</span> <span class='ocrx_word' id='word_1_735' title='bbox 1293 5378 1323 5434; x_wconf 85' lang='lat' dir='ltr'>S.</span> <span class='ocrx_word' id='word_1_736' title='bbox 1339 5377 1423 5450; x_wconf 65' lang='lat' dir='ltr'>We</span> <span class='ocrx_word' id='word_1_737' title='bbox 1433 5379 1557 5433; x_wconf 78' lang='lat' dir='ltr'>Vincenti</span> <span class='ocrx_word' id='word_1_738' title='bbox 1571 5375 1646 5448; x_wconf 72' lang='lat' dir='ltr'>idid)</span> <span class='ocrx_word' id='word_1_739' title='bbox 1658 5385 1744 5446; x_wconf 86' lang='lat' dir='ltr'>pater,</span> <span class='ocrx_word' id='word_1_740' title='bbox 1756 5392 1817 5431; x_wconf 85' lang='lat' dir='ltr'>euru</span> 
     </span>
     <span class='ocr_line' id='line_1_57' title="bbox 188 5466 1820 5542; baseline 0 -20"><span class='ocrx_word' id='word_1_741' title='bbox 188 5480 250 5522; x_wconf 88' lang='lat' dir='ltr'>nero</span> <span class='ocrx_word' id='word_1_742' title='bbox 266 5466 371 5523; x_wconf 87' lang='lat' dir='ltr'>cerebri</span> <span class='ocrx_word' id='word_1_743' title='bbox 385 5467 524 5522; x_wconf 76' lang='lat' dir='ltr'>aestuantis</span> <span class='ocrx_word' id='word_1_744' title='bbox 538 5468 662 5521; x_wconf 87' lang='lat' dir='ltr'>ardorem</span> <span class='ocrx_word' id='word_1_745' title='bbox 674 5466 799 5537; x_wconf 88' lang='lat' dir='ltr'>protinus</span> <span class='ocrx_word' id='word_1_746' title='bbox 811 5467 949 5540; x_wconf 74' lang='lat' dir='ltr'>effugarit.</span> <span class='ocrx_word' id='word_1_747' title='bbox 1031 5484 1129 5542; x_wconf 73' lang='lat' dir='ltr'>magno</span> <span class='ocrx_word' id='word_1_748' title='bbox 1152 5469 1261 5525; x_wconf 87' lang='lat' dir='ltr'>ferrare</span> <span class='ocrx_word' id='word_1_749' title='bbox 1284 5483 1445 5534; x_wconf 84' lang='lat' dir='ltr'>conversos,</span> <span class='ocrx_word' id='word_1_750' title='bbox 1470 5467 1626 5527; x_wconf 84' lang='lat' dir='ltr'>ardentiori</span> <span class='ocrx_word' id='word_1_751' title='bbox 1647 5470 1820 5537; x_wconf 83' lang='lat' dir='ltr'>postmodum</span> 
     </span>
    </p>
   </div>
   <div class='ocr_carea' id='block_1_3' title="bbox 224 5616 1817 5771">
    <p class='ocr_par' dir='ltr' id='par_1_3' title="bbox 224 5616 1817 5771">
     <span class='ocr_line' id='line_1_58' title="bbox 224 5616 1632 5746; baseline -0.003 -67"><span class='ocrx_word' id='word_1_752' title='bbox 224 5622 299 5693; x_wconf 80' lang='lat' dir='ltr'>(itt)</span> <span class='ocrx_word' id='word_1_753' title='bbox 319 5623 469 5688; x_wconf 79' lang='lat' dir='ltr'>Vat.cod..</span> <span class='ocrx_word' id='word_1_754' title='bbox 489 5636 639 5696; x_wconf 71' lang='lat' dir='ltr'>asperetur.</span> <span class='ocrx_word' id='word_1_755' title='bbox 1029 5633 1084 5686; x_wconf 83' lang='lat' dir='ltr'>cst,</span> <span class='ocrx_word' id='word_1_756' title='bbox 1098 5619 1315 5688; x_wconf 67' lang='lat' dir='ltr'>lequienius,</span> <span class='ocrx_word' id='word_1_757' title='bbox 1331 5620 1455 5746; x_wconf 44' lang='lat' dir='ltr'>aliique„</span> <span class='ocrx_word' id='word_1_758' title='bbox 1491 5616 1499 5639; x_wconf 86' lang='lat'><strong><em>¹</em></strong></span> <span class='ocrx_word' id='word_1_759' title='bbox 1540 5688 1558 5701; x_wconf 91' lang='lat'>..</span> <span class='ocrx_word' id='word_1_760' title='bbox 1627 5653 1632 5662; x_wconf 85' lang='lat'><strong>·</strong></span> 
     </span>
     <span class='ocr_line' id='line_1_59' title="bbox 224 5687 1817 5771; baseline -0.004 -21"><span class='ocrx_word' id='word_1_761' title='bbox 224 5693 298 5767; x_wconf 74' lang='lat' dir='ltr'>teto)</span> <span class='ocrx_word' id='word_1_762' title='bbox 318 5694 477 5765; x_wconf 73' lang='lat' dir='ltr'>Elephantis</span> <span class='ocrx_word' id='word_1_763' title='bbox 496 5710 543 5750; x_wconf 86' lang='lat' dir='ltr'>seu</span> <span class='ocrx_word' id='word_1_764' title='bbox 561 5695 755 5766; x_wconf 82' lang='lat' dir='ltr'>elephantiasis</span> <span class='ocrx_word' id='word_1_765' title='bbox 778 5693 978 5765; x_wconf 79' lang='lat' dir='ltr'>leprarrpeeios</span> <span class='ocrx_word' id='word_1_766' title='bbox 1066 5691 1372 5764; x_wconf 71' lang='lat' dir='ltr'>tdldlbemooasteno</span> <span class='ocrx_word' id='word_1_767' title='bbox 1405 5687 1817 5771; x_wconf 72' lang='lat' dir='ltr'>.Vrnoeutndel²etrai&gt;ertnsa</span> 
     </span>
    </p>
   </div>
   <div class='ocr_carea' id='block_1_4' title="bbox 0 0 2054 6209">
    <p class='ocr_par' dir='ltr' id='par_1_4' title="bbox 0 0 2054 6209">
     <span class='ocr_line' id='line_1_60' title="bbox 0 0 2054 6209; baseline 0 0"><span class='ocrx_word' id='word_1_768' title='bbox 0 0 2054 6209; x_wconf 95' lang='lat' dir='ltr'> </span> 
     </span>
    </p>
   </div>
  </div>
 </body>
</html>
