4100 6209
153 302 206 366 307
414 299 444 362 S.
464 300 575 363 PETRI
594 295 756 359 DAMthI
775 294 854 355 OPP.
876 291 972 353 PARS
991 291 1063 354 SEU
1082 294 1208 368 tonus
1229 298 1257 358 I.
1277 330 1311 343 -
1330 298 1449 360 EPIST.
1470 297 1543 359 utu.
1564 296 1642 357 VIII.
1853 301 1908 363 308

154 437 235 496 verat
254 433 371 496 mustus
391 429 564 494 Benchctus
579 442 642 492 esse
662 424 822 485 videbatur.
838 423 906 483 Post
918 422 1140 504 hujushcium.
1171 426 1226 486 Sed
1247 444 1360 503 precor,
1374 430 1424 500 ait,
1437 429 1486 489 dir
1505 428 1606 489 domui
1631 444 1716 500 meas,
1732 435 1766 488 ut
1788 428 1911 488 reddant

154 526 253 586 autern
276 520 382 581 montis
401 536 554 582 ascensum
568 517 647 578 illico
663 513 811 588 presbyter
824 517 881 571 toto
895 527 1012 588 corpore
1054 513 1260 585 possessionem
1285 515 1317 576 Β.
1344 517 1452 587 Mariae,
1467 533 1556 590 quam
1577 515 1696 588 abstuli,
1711 517 1735 575 si
1755 518 1827 576 torte
1847 534 1910 577 me-

155 628 217 672 sese
248 613 391 685 comperit
424 628 486 672 esse
520 610 678 684 leprosum,
717 620 845 680 moxque
878 619 1012 678 prorum·
1053 618 1117 661 rear
1141 603 1178 661 ab
1205 604 1262 676 his,
1286 606 1318 662 iu
1346 605 1454 678 quibus
1477 612 1585 676 teneor,
1609 606 1704 678 pernis
1725 606 1846 665 absolvi.
1868 607 1911 665 De

153 718 225 780 pens
239 724 246 762 ι
262 701 328 764 Heu
342 702 349 760 t
365 701 423 760 beu
438 705 444 764 t
458 697 565 776 inquit,
577 712 630 766 cur
640 695 731 772 hujus
743 691 917 766 pestilentiae
928 692 1012 766 plaga
1053 706 1110 766 qua
1129 697 1225 750 tamen
1245 693 1366 751 ecclesia
1384 693 1417 752 Β,
1440 693 1541 752 blariae
1567 693 1744 768 loqueretur,
1764 695 1913 769 presbyter

153 808 201 851 me
216 788 367 865 perdidit?
386 786 440 846 Cui
458 787 491 845 B.
510 784 683 844 Benedictus
698 803 705 841 2
720 782 841 858 Diplois,
856 781 907 852 ait,
922 795 1112 858 quamauon
1127 782 1255 853 agnovit,
1278 789 1305 839 et
1322 782 1488 844 viventibus
1509 781 1671 856 specialiter
1686 781 1838 856 designare
1851 799 1911 842 non

154 878 305 954 suscepisti
323 877 358 936 de
377 875 559 952 eleemosyna
575 872 690 946 cpnritis
713 869 907 929 ilildebrandi
937 874 1012 940 lnam
1052 872 1157 943 potuit.
1177 871 1319 930 Praeterea
1339 872 1537 946 presbyteria
1557 872 1703 932 anteriora
1721 872 1911 944 contendens,

153 968 232 1028 idem
256 964 472 1024 Hildebraudus
497 969 567 1024 tuuc
594 976 690 1034 nuper
716 960 834 1026 obierat}
866 959 930 1016 baec
959 958 1013 1016 tibi
1055 959 1127 1018 vidit
1156 961 1276 1022 domum
1302 960 1391 1020 nimis
1419 961 1591 1020 horrendam
1622 967 1710 1035 atque
1740 961 1910 1033 terribilem,

154 1071 237 1118 verse
261 1061 303 1114 est
331 1053 362 1112 ln
392 1053 501 1126 lepram
526 1070 533 1107 z
557 1050 745 1126 quamobrem
770 1046 857 1107 redde
877 1047 1012 1105 transito·
1053 1048 1210 1122 pluresque
1231 1049 1380 1109 ministros
1404 1049 1534 1124 ejusdem
1558 1048 1662 1107 domus
1686 1063 1769 1122 aeque
1790 1050 1912 1121 feroces,

154 1146 229 1204 riam
246 1149 368 1216 vestem,
388 1143 413 1202 si
435 1144 480 1202 vis
498 1146 644 1219 perpetuae
662 1139 750 1212 leprae
774 1139 865 1197 vitare
885 1136 1010 1211 prurigi·
1054 1141 1160 1208 torves,
1175 1154 1208 1195 ac
1223 1139 1287 1197 risu
1301 1141 1363 1214 ipso
1377 1138 1586 1211 formidabiles,
1607 1138 1659 1214 qui
1680 1139 1820 1197 nimirum
1840 1140 1913 1198 binc

154 1252 232 1295 nem.
262 1235 333 1294 Haec
360 1235 438 1293 euim
463 1231 579 1292 odibilis
604 1247 638 1290 ae
662 1230 820 1306 perniciosa
843 1231 930 1289 vestis
957 1228 1012 1288 sibi
1053 1227 1121 1286 inde
1141 1243 1208 1286 cum
1227 1244 1332 1302 magne
1352 1229 1513 1302 frequentia
1533 1227 1730 1288 discurrentes
1753 1229 1913 1287 anxiaban-

154 1325 285 1401 quidem,
305 1329 338 1383 rit
355 1322 508 1397 conspicis,
529 1321 636 1390 nocuit,
657 1318 701 1376 illi
720 1334 788 1377 vero
802 1317 877 1376 nihil
893 1318 1012 1378 omuino
1054 1322 1110 1386 tur,
1127 1317 1313 1388 anhelabant,
1330 1325 1358 1376 et
1373 1318 1470 1376 nescio
1486 1317 1559 1393 quid
1575 1332 1716 1392 magnum
1735 1318 1814 1378 velut
1832 1336 1913 1392 egre

154 1414 282 1490 profecit.
301 1415 336 1476 Ut
351 1413 421 1488 quid
441 1429 509 1487 ergo
524 1427 678 1486 pravorum
700 1408 1011 1486 quorumlibet-bomi-
1052 1404 1134 1480 gium
1158 1407 1357 1480 praestolantes
1379 1406 1532 1480 hospitem,
1551 1407 1760 1481 praeparabant.
1778 1406 1913 1483 Cumque

156 1520 228 1566 nunt
246 1519 369 1564 munera
388 1502 560 1577 quaerimus,
575 1515 757 1560 cumeorum
772 1500 886 1573 quevis
904 1498 1012 1559 oblatio
1052 1495 1190 1569 praelatus
1217 1497 1387 1571 presbyter,
1419 1497 1490 1572 quid
1527 1498 1581 1556 boc
1610 1505 1704 1568 esset,
1733 1498 1912 1572 stupetactus

155 1597 183 1652 et
199 1593 320 1653 illorum
337 1597 463 1666 nequeat
479 1588 595 1649 abolere
614 1588 746 1661 contagia
764 1593 792 1646 et
810 1588 894 1648 nobis
914 1604 1011 1648 versa-
1052 1583 1223 1660 inquireret,
1246 1604 1419 1662 responsum
1441 1594 1493 1659 est,
1514 1604 1563 1647 eos
1578 1596 1680 1664 quarta
1693 1589 1765 1648 feria
1777 1590 1914 1663 proxime

156 1685 204 1738 tur
219 1680 250 1738 in
264 1677 400 1753 lepram?
1053 1679 1175 1733 ventura
1193 1676 1329 1735 comitem
1351 1684 1516 1753 exspectare
1537 1677 1712 1737 Gnidonem.
1736 1677 1815 1738 Slcut
1830 1677 1910 1737 euim

192 1766 248 1827 Sed
267 1771 300 1826 ut
319 1766 407 1825 totius
422 1765 544 1824 visionis
559 1764 664 1823 seriem
680 1777 900 1838 prosequamur,
916 1762 1008 1821 couti-
1021 1762 1162 1852 Boopiosi
1189 1763 1360 1825 deliciarum
1387 1772 1519 1840 sumptus
1551 1767 1682 1824 venturis
1711 1771 1915 1842 preparantur

155 1872 216 1917 nuo
239 1856 274 1914 Β.
301 1853 475 1915 Benedictus
497 1869 566 1912 eum
587 1853 623 1911 de
645 1858 743 1910 monte
761 1851 903 1926 deposuit,
927 1860 1013 1927 atque
1041 1850 1227 1925 hospitibus,
1251 1854 1290 1911 ita
1309 1852 1430 1928 maligni
1449 1854 1567 1929 spiritus
1583 1855 1689 1913 misero
1714 1855 1826 1914 homini
1852 1871 1913 1915 non

155 1946 190 2005 ad
204 1945 343 2020 subjectae
355 1943 496 2014 convallis
510 1941 647 2000 inferiora
661 1940 794 2000 deduxit.
809 1941 923 2000 Interea
935 1941 1013 2002 videt
1053 1939 1135 2012 alies,
1153 1956 1242 2014 quam
1256 1957 1407 2015 poenarum
1425 1958 1458 2000 ac
1472 1950 1681 2002 tormentorum
1698 1943 1798 2017 epulas
1813 1944 1914 2024 provi-

154 2033 306 2109 presbyter
332 2031 510 2091 horrendum
542 2030 698 2105 quemdam
727 2030 864 2101 fluvium,
896 2036 1011 2101 tetrum,
1053 2028 1169 2087 debant.
1189 2029 1342 2105 Presbyter
1361 2031 1458 2106 itaque
1477 2031 1632 2090 Rainerius
1654 2039 1716 2104 post
1731 2032 1806 2091 banc
1821 2032 1912 2090 visio·

153 2125 279 2200 piceum,
295 2130 382 2197 atque
397 2119 600 2200 sulphureum,
616 2122 703 2196 Juxta
720 2137 819 2196 quem,
837 2122 911 2181 duce
930 2121 1012 2182 heato
1053 2134 1120 2178 nem
1135 2120 1286 2196 evigilavit
1299 2142 1307 2194 3
1321 2122 1397 2197 quod
1412 2123 1534 2194 viderat,
1549 2119 1696 2194 recitavit;
1712 2139 1808 2182 eomes
1821 2138 1913 2198 quar·

154 2215 226 2287 viro,
245 2213 315 2273 dum
334 2216 475 2287 pergeret,
495 2226 551 2269 vox
572 2211 607 2269 de
625 2210 749 2269 flumine
763 2210 871 2282 sonuit,
886 2225 1013 2285 eumque
1053 2212 1081 2266 ta
1096 2208 1176 2278 feria,
1193 2210 1267 2268 sicut
1282 2211 1455 2283 praedictum
1468 2217 1521 2280 est,
1535 2210 1616 2270 obiit.

154 2300 276 2361 vocarit.
304 2299 435 2374 Cumque
460 2296 594 2372 protiuus
618 2297 669 2355 ille
693 2295 871 2368 subsisteret,
894 2303 922 2356 et
946 2297 1013 2371 quiS
1089 2299 1127 2358 Ut
1147 2315 1215 2374 ergo
1232 2300 1268 2358 ad
1293 2301 1333 2372 id,
1360 2302 1437 2375 quod
1458 2301 1610 2374 coepimus,
1629 2307 1827 2372 revertamur3
1850 2302 1915 2362 noli

153 2406 222 2450 eum
240 2388 394 2458 vocaverit,
415 2387 612 2460 inquisisset:
635 2386 706 2460 Ego,
725 2386 833 2462 inquit,
850 2402 916 2445 sum
935 2385 1012 2445 iule—
1052 2389 1150 2459 frater,
1178 2388 1239 2447 noli
1260 2396 1356 2462 patere
1376 2390 1568 2463 muneribus3
1595 2405 1655 2449 non
1676 2390 1823 2461 omnibus,
1844 2406 1914 2467 quae

154 2478 313 2552 licissimus
327 2477 377 2535 ille
391 2492 486 2535 remes
501 2475 729 2547 Hildebrandus,
744 2474 792 2534 cui
810 2475 1012 2550 penitentiam
1053 2477 1230 2549 praebentur,
1252 2467 1326 2538 liber
1343 2477 1419 2552 apud
1436 2484 1461 2537 te
1476 2486 1569 2552 pateat
1583 2479 1688 2550 aditus
1707 2480 1756 2537 sed
1776 2479 1915 2553 quaedam

100 2645 102 2648 Ι
153 2569 220 2629 lieet
238 2569 450 2628 infructuosam
469 2566 618 2642 imponere
637 2581 839 2626 consueveras.
859 2565 913 2624 Cui
932 2581 1012 2640 pres·
1054 2565 1253 2636 admittantur,
1268 2575 1300 2625 ut
1314 2567 1344 2624 in
1361 2567 1582 2625 necessitatibus
1597 2566 1760 2636 sublevent,
1777 2568 1915 2642 quaedam

155 2659 239 2734 hyter
261 2659 321 2717 ait:
337 2657 372 2716 ur
390 2656 536 2733 quomodo
561 2662 592 2715 tu
611 2671 706 2715 remes
730 2655 949 2715 Hildehraudus
971 2671 1011 2726 es,
1054 2654 1242 2728 repellantur,
1259 2671 1296 2713 ne
1311 2662 1407 2714 reatus
1420 2654 1508 2713 alieni
1525 2672 1577 2714 nos
1590 2655 1766 2730 ponderibus
1780 2663 1913 2729 gravent.

155 2763 223 2807 cum
247 2745 287 2805 sis
311 2751 368 2805 tam
390 2745 468 2805 obesi
487 2748 516 2804 et
539 2744 664 2803 mutilati
684 2743 812 2818 corporis
832 2751 940 2802 utnon
961 2745 1015 2803 hu.
1055 2743 1132 2801 Dum
1153 2742 1243 2817 igitur
1264 2744 1356 2802 oblata
1382 2745 1567 2821 suscipimus,
1592 2746 1627 2804 de
1649 2745 1830 2804 offerentium
1855 2762 1916 2804 me

156 2851 273 2896 menam
300 2836 435 2910 speciem,
463 2830 534 2889 108
558 2835 606 2892 sed
634 2833 696 2892 taxi
722 2833 818 2907 potius
841 2832 948 2891 babere
968 2833 1015 2891 vi·
1056 2830 1119 2890 ritis
1144 2832 1225 2907 prius
1251 2848 1368 2892 necesse
1396 2840 1439 2892 est
1465 2834 1658 2907 disputemus.
1686 2833 1789 2893 Manus
1814 2834 1916 2910 itaque

156 2924 252 2985 dearIs
273 2923 424 3000 effigiem?
443 2921 497 2983 Cui
516 2936 611 2981 comes
627 2944 634 2980 ε
652 2921 715 2994 Tot,
737 2921 842 2998 inquit,
863 2923 1014 2997 suppliciis
1056 2927 1153 2979 nostra
1174 2937 1234 2979 non
1256 2921 1355 2979 omnia
1374 2936 1440 2996 quae
1463 2923 1629 2996 praebentur
1648 2922 1845 2981 indifferenter
1862 2939 1915 2981 ac-

155 3018 270 3088 atteror,
294 3019 334 3073 tot
359 3012 452 3082 novis,
475 3018 503 3071 et
526 3009 681 3086 exquisitis
703 3011 832 3086 quotidie
853 3012 948 3086 poenis
969 3011 1015 3069 al·
1056 3008 1160 3081 cipiat;
1189 3015 1216 3066 et
1242 3025 1303 3067 nou
1323 3010 1355 3067 id
1379 3011 1455 3084 quod
1478 3011 1606 3081 offertur,
1632 3010 1680 3070 sed
1700 3011 1795 3086 potius
1816 3027 1833 3070 a
1853 3029 1917 3088 quo

155 3103 248 3180 tilgor,
275 3109 388 3163 utnon
413 3102 521 3162 mirum
544 3102 581 3161 sit
601 3100 679 3175 quod
700 3101 827 3176 corporis
845 3104 903 3162 mei
923 3104 1015 3162 torma
1057 3097 1176 3157 offertur
1206 3096 1277 3155 109
1302 3106 1385 3160 cauta
1408 3101 1490 3176 prius
1517 3103 1732 3161 examinatione
1756 3101 1915 3160 discernat.

156 3192 306 3267 deperent,
337 3192 387 3251 sed
412 3190 488 3267 quod
515 3190 701 3264 aliquatenus
725 3190 771 3249 vel
800 3192 925 3251 essentia
952 3192 1015 3266 ipsa
1056 3186 1131 3246 Dirit
1151 3187 1298 3262 Scriptura
1326 3208 1332 3246 :
1363 3209 1377 3242 s
1402 3188 1433 3249 Si
1459 3198 1534 3250 reeta
1559 3191 1672 3263 oneras,
1699 3195 1823 3248 streete
1852 3206 1915 3249 non

156 3282 303 3342 subsistat.
328 3282 430 3341 Tantae
457 3280 564 3340 scilicet
593 3279 769 3340 crudelitatis
795 3281 851 3353 fui,
884 3282 954 3340 dum
982 3283 1014 3352 iu
1056 3276 1179 3350 dividas,
1201 3278 1321 3352 peccasti
1341 3280 1418 3348 (aen.
1447 3292 1490 3349 w,
1516 3281 1600 3354 juxta
1623 3280 1830 3355 Septuaginta).
1851 3303 1861 3330 ι
1880 3279 1918 3338 nt
1950 3347 1956 3354 ,

155 3384 273 3444 corpore
286 3369 359 3439 vixi,
380 3375 414 3428 ut
430 3384 509 3427 nunc
525 3367 630 3427 sanctis
648 3368 785 3427 omnibus
804 3367 870 3428 odio
888 3369 1012 3440 babear;
1056 3383 1110 3426 nos
1135 3368 1212 3441 quod
1239 3370 1373 3428 similiter
1397 3376 1440 3428 est
1469 3370 1665 3430 necessarium
1691 3370 1816 3429 dicimus
1844 3370 1917 3445 quia

155 3458 241 3518 etita
259 3474 305 3517 me
317 3457 397 3532 iusta
412 3473 514 3517 eorum
533 3458 671 3517 severitas
691 3456 871 3516 unanimiter
895 3457 1016 3531 despicit
1056 3458 1081 3517 si
1095 3475 1160 3532 quae
1175 3460 1332 3519 offerentur
1346 3461 1470 3535 accipias
1486 3470 1514 3520 et
1529 3461 1713 3520 offerentium
1733 3460 1835 3518 merita
1853 3474 1917 3518 non

154 3548 231 3622 quod
254 3545 354 3605 nullus
376 3545 496 3607 illorum
521 3547 617 3607 adbuc
640 3562 693 3620 pro
714 3562 761 3605 me
782 3548 860 3622 apud
883 3547 1015 3606 divinam
1055 3550 1211 3616 discernas.
1226 3551 1354 3612 deterius
1373 3552 1533 3628 deliqulsti.
1554 3551 1605 3611 Vis
1626 3550 1727 3610 audIre
1744 3550 1815 3626 quid
1839 3549 1917 3608 mihi

156 3636 341 3696 clementiam
367 3635 537 3695 intercessit.
566 3634 746 3695 Videbantur
772 3643 869 3696 autem
896 3638 1015 3710 praelato
1056 3655 1151 3714 nuper
1162 3641 1197 3698 de
1209 3641 1311 3700 collato
1324 3642 1451 3717 quodam
1470 3656 1590 3700 munere
1604 3639 1747 3714 contigit?

156 3725 246 3786 fluvi0
266 3725 498 3785 innumerabiles
515 3725 648 3784 volucres
669 3727 753 3800 quasi
773 3725 917 3785 columbae
935 3727 1016 3785 varia
1092 3725 1252 3785 Primarius
1265 3727 1385 3801 quidam
1403 3728 1577 3804 Rodulphus
1595 3728 1724 3798 nomine,
1746 3731 1848 3802 potens
1866 3740 1918 3782 sa·

156 3816 326 3890 plumarum
346 3813 511 3874 diversitate
528 3828 690 3888 conspersae
707 3821 740 3873 ut
757 3813 828 3873 binc
845 3814 915 3885 albi,
934 3814 1017 3873 illinc
1057 3815 1093 3874 tis
1114 3822 1141 3873 et
1162 3817 1300 3889 prudeus,
1319 3818 1396 3892 apud
1413 3833 1502 3877 suum
1523 3817 1733 3875 monasterium
1754 3815 1826 3873 mihi
1850 3812 1916 3888 pal-

156 3906 233 3981 uigri
259 3905 384 3965 discolor
409 3907 518 3978 species
543 3905 700 3977 videretur,
738 3921 897 3978 omnesque
934 3904 1016 3964 velut
1059 3904 1128 3963 lium
1151 3912 1316 3964 reverenter
1335 3906 1448 3978 obtulit,
1471 3907 1548 3981 quod
1571 3905 1739 3976 triblathon,
1760 3905 1851 3990 juxta
1866 3903 1916 3962 sui

155 3999 266 4054 moestae
284 3993 384 4066 nimis,
403 4009 436 4052 ac
455 3991 595 4068 lugubres
613 3994 698 4067 quasi
722 4009 783 4068 prae
805 3994 903 4053 dolore
925 4001 1016 4054 rostra
1057 3996 1171 4068 generis
1186 3995 1321 4070 speeiem,
1339 4002 1545 4070 nuncupatur;
1562 3996 1652 4054 trium
1665 3994 1771 4070 quippe
1783 3993 1918 4052 colorum

156 4085 361 4158 retorquebant
377 4084 413 4144 ad
433 4084 585 4160 pennulas.
609 4085 772 4160 Inquisitus
789 4087 888 4161 itaque
908 4103 1015 4160 comes,
1057 4090 1119 4156 est;
1139 4089 1166 4142 et
1185 4085 1302 4144 blathon
1318 4085 1439 4160 pallium
1454 4086 1571 4158 dicitur,
1588 4086 1666 4144 unde
1681 4084 1836 4142 triblathon
1850 4081 1919 4156 pal-

44 4209 46 4214 <
156 4188 223 4247 quae
243 4171 304 4231 illae
321 4172 455 4235 volucres
473 4179 579 4245 esseut,
602 4174 847 4248 respondit:Illae
870 4182 948 4247 sunt,
968 4176 1017 4233 in·
1058 4174 1131 4233 lium
1157 4179 1286 4245 vocatur,
1313 4174 1391 4248 quod
1418 4175 1507 4233 trium
1535 4172 1665 4233 cernitur
1690 4187 1752 4231 esse
1774 4171 1918 4230 colorum.

158 4262 231 4338 quit,
251 4262 358 4321 animae
376 4262 499 4322 diversis
517 4265 547 4322 iu
572 4263 626 4323 hoc
646 4264 760 4339 gurgite
780 4266 954 4339 purgatoriis
972 4266 1018 4324 de
1058 4263 1121 4323 Hoc
1138 4264 1236 4337 itaque
1257 4263 1303 4322 rir
1319 4263 1370 4322 ille
1390 4263 1559 4338 suppliciter
1576 4264 1700 4322 otlerens
1720 4259 1849 4335 procidit,
1870 4275 1921 4318 so·

156 4356 276 4427 putatae,
296 4367 363 4426 quae
382 4349 516 4411 videlicet
533 4352 608 4413 sicut
625 4368 684 4412 non
704 4369 740 4412 ex
762 4358 819 4412 toto
840 4360 909 4412 sunt
931 4353 1015 4426 alhae,
1058 4353 1144 4426 loque
1162 4359 1321 4427 prostratus
1345 4367 1401 4422 me,
1425 4369 1482 4426 qua
1509 4351 1611 4425 potuit,
1639 4347 1796 4408 humilitati
1821 4347 1921 4405 cordis

158 4442 208 4502 sed
230 4442 373 4501 interfusa
396 4443 519 4516 sparsim
543 4442 694 4518 nigredine
720 4443 850 4516 variatae,
873 4443 914 4504 sic
934 4451 1018 4504 etex
1059 4441 1220 4500 intentione
1234 4441 1345 4516 rogavit
1359 4459 1366 4497 :
1382 4441 1477 4512 Defer,
1496 4439 1603 4514 inquit,
1622 4439 1676 4496 boc
1693 4435 1920 4502 munusculum,

157 4537 238 4606 parte
251 4530 313 4605 jam
327 4530 489 4607 purificatae
501 4536 530 4591 et
543 4547 581 4590 ex
597 4538 675 4608 parte
695 4537 764 4591 sunt
781 4533 878 4591 adbuc
895 4507 1048 4607 peccatisD
1059 4530 1178 4590 domine
1200 4530 1251 4602 mi,
1277 4531 1383 4590 sanctis
1406 4529 1544 4588 fratribus
1567 4528 1634 4597 tuis,
1650 4544 1666 4586 a
1686 4527 1794 4601 quibus
1814 4525 1924 4598 utique

158 4618 306 4679 obnoxiae.
326 4618 400 4678 Nam
419 4627 528 4696 quanto
546 4620 697 4698 spatiosior
715 4621 818 4681 albedo
834 4623 967 4682 cernitur
986 4623 1017 4682 in
1059 4622 1102 4681 nil
1116 4620 1197 4679 aliud
1214 4626 1288 4696 peto,
1309 4619 1364 4679 nisi
1380 4625 1413 4678 ut
1427 4620 1481 4677 hoc
1500 4618 1594 4676 solum
1614 4617 1690 4690 apud
1710 4615 1841 4673 divinam
1859 4614 1922 4671 im·

160 4709 296 4768 varietate
319 4710 496 4783 plumarum,
522 4717 601 4769 tanto
628 4710 720 4784 mayor
743 4708 917 4786 intelligitur
945 4712 1018 4771 lacta
1059 4720 1171 4788 petrare
1194 4711 1377 4771 clementiam
1403 4708 1547 4778 studeant,
1567 4704 1837 4783 quatenusacorde
1851 4719 1923 4763 men

158 4799 500 4876 abolitiopeccatornm3
519 4800 715 4878 inquantum
740 4817 809 4860 vero
830 4802 951 4880 nigredo
971 4820 1016 4862 re·
1059 4803 1256 4874 tenebrarum,
1282 4815 1355 4873 quas
1382 4798 1496 4873 patitur,
1524 4796 1677 4871 caliginem
1707 4795 1795 4854 tollat
1825 4796 1923 4853 Amor

159 4892 302 4952 mansisse
320 4891 507 4967 conspiritur,
527 4892 558 4950 in
581 4897 693 4952 tantum
720 4893 815 4952 adhuc
835 4902 1018 4969 peccatorum
1059 4892 1137 4951 enim
1158 4889 1259 4950 saecnli
1279 4904 1328 4947 cor
1342 4902 1442 4946 meum
1455 4886 1564 4945 detinet
1578 4885 1767 4954 obcaecatum,
1782 4883 1923 4958 mihique

159 4979 283 5040 maculis
301 4987 504 5056 asperguntur.
528 4978 583 5039 Sed
599 4988 662 5054 post
679 4982 772 5041 multa
786 4984 935 5059 presbyter
949 4984 1018 5043 iude
1059 4981 1191 5040 tenebras
1204 4979 1321 5054 ingerit,
1340 4993 1413 5051 quas
1428 4976 1534 5035 sanctis
1548 4990 1649 5034 eorum
1666 4970 1846 5032 orationibus
1861 4987 1921 5031 ex-

159 5070 336 5142 procedens,
365 5068 465 5144 aspicit
496 5069 667 5134 botharium
697 5072 849 5143 comitem,
880 5071 932 5148 qui
956 5074 1018 5148 jam
1058 5069 1125 5146 pelli
1147 5066 1261 5143 (cupido
1278 5066 1377 5139 addit),
1399 5081 1457 5142 quo
1478 5065 1580 5123 saltem
1601 5072 1687 5121 tenue
1710 5061 1819 5120 divinae
1841 5060 1924 5119 luris

160 5163 226 5216 ante
250 5174 309 5218 non
333 5157 459 5218 multum
478 5162 592 5233 tempus
610 5159 729 5218 obierat.
750 5160 806 5222 Hic
823 5160 922 5236 itaque
941 5162 1017 5236 pube
1057 5160 1186 5236 igniculo
1200 5176 1310 5218 merear
1321 5158 1473 5217 illustrari.
1490 5155 1545 5216 Sed
1560 5171 1628 5214 cunr
1641 5169 1694 5227 ego
1709 5160 1736 5211 et
1750 5150 1924 5211 orationum

162 5251 247 5304 tenus
270 5245 366 5304 adhuc
392 5247 573 5306 cruciabatur
597 5248 628 5307 in
654 5249 782 5324 gurgite,
816 5251 875 5308 lere
903 5249 1017 5309 medius
1057 5254 1124 5308 vota
1139 5247 1348 5323 promitterem,
1359 5251 1387 5304 et
1401 5260 1509 5303 munus
1522 5243 1667 5316 ingestum
1681 5255 1738 5298 non
1755 5238 1840 5297 modo
1855 5254 1927 5300 ver·

161 5335 316 5395 eminebat.
337 5336 471 5411 Cumque
490 5338 639 5414 presbyter
658 5355 735 5409 eum,
755 5340 878 5418 qualiter
899 5357 966 5416 erga
988 5357 1018 5400 se
1061 5340 1114 5408 bis,
1131 5338 1179 5396 sed
1195 5342 1223 5395 et
1239 5334 1373 5394 manibus
1388 5332 1597 5408 propulsarem,
1614 5346 1682 5404 quae
1697 5328 1835 5402 utrluqne
1851 5329 1928 5388 lusa

162 5431 304 5498 ageretur,
325 5424 497 5499 inquireret,
522 5427 667 5502 respondit
686 5434 776 5487 totum
798 5446 828 5487 ee
851 5428 1019 5504 sulphureIs
1060 5428 1119 5487 siut
1142 5428 1239 5498 verba,
1264 5425 1453 5500 intelligenda
1477 5423 1661 5497 reliquimus,
1686 5437 1743 5481 raon
1765 5419 1929 5480 scribenda

162 5514 250 5574 undIs
272 5514 367 5588 primo
392 5514 482 5573 tuisse
506 5517 701 5590 submersum,
725 5519 775 5578 sed
793 5520 853 5593 jam
879 5517 1017 5590 paulatim
1059 5533 1110 5591 per
1131 5517 1261 5578 ordinem
1281 5516 1458 5590 iudicamus.
1477 5513 1552 5585 Quid
1570 5512 1676 5588 plural
1691 5511 1790 5571 detero
1807 5525 1930 5571 munus

162 5603 304 5675 alleviari,
322 5618 356 5663 ac
374 5603 410 5661 de
428 5602 476 5662 die
495 5604 526 5662 in
544 5604 623 5664 diem
641 5606 790 5666 mitescere
801 5622 889 5681 greve
907 5608 1017 5682 suppli·
1060 5608 1206 5682 lratribus,
1221 5609 1271 5667 sed
1286 5607 1413 5682 ingratos
1425 5605 1561 5676 invenio;
1579 5603 1665 5680 legati
1686 5603 1791 5678 lungor
1811 5601 1929 5676 officio,
