4100 6209
115 373 170 434 tos
545 365 837 434 tentationibus.
858 404 890 417 -
911 370 941 432 S.
962 367 1075 432 osuiu
1093 367 1255 433 numelli
1275 369 1366 432 Visa
1386 368 1439 431 ΙΙΙ.
1816 372 1868 435 ibb

115 498 196 572 tots,
222 513 291 560 oram
311 503 436 576 gestaret
460 499 650 573 tergeminam
676 497 768 558 sancti
795 497 871 558 Petri
894 496 1002 559 thia-A
1014 511 1092 569 sum,
1112 502 1140 555 el
1154 496 1299 571 quomodo
1311 496 1354 556 sie
1368 512 1437 556 eum
1450 495 1604 568 amisisset,
1625 498 1791 558 recordatos
1811 507 1866 569 est,

11 569 12 628 Ῐ
113 604 178 649 ram
199 588 368 648 Alexander
390 586 547 659 secundus,
572 586 718 647 Henricus
741 593 865 662 quartus
884 601 975 646 caesar
1013 586 1083 660 quia
1110 586 1244 660 pridiano
1272 600 1389 660 vespere
1416 585 1510 645 lassus
1533 585 1569 644 de
1597 585 1653 657 via,
1682 587 1813 647 membra
1836 586 1867 646 in

11 663 12 692 ¹
113 674 324 751 llognntinum
349 673 518 749 episcopum
545 674 796 735 adiudicandum
815 672 974 734 concilium
1013 675 1120 734 lectum
1136 673 1300 749 projiciens,
1311 673 1435 749 iacendo
1453 674 1647 756 compleremt
1670 677 1757 737 boras
1778 692 1868 737 oeno·

112 763 316 839 episcoporum
328 762 460 836 urgebat,
475 763 554 839 quod
571 762 634 838 ipse
658 780 726 824 cum
741 765 826 824 Beria
848 773 974 841 augusta
1012 763 1093 822 nicus
1117 770 1146 822 et
1170 762 1280 822 crimen
1306 762 1402 821 debita
1427 762 1597 837 poenitentia
1625 763 1722 823 delere
1745 764 1866 826 studuit.

11 917 12 926 ,
113 854 238 929 coniuge
252 854 414 914 ditandum
435 854 529 913 iacere
555 853 651 928 vellet,
667 855 889 929 libertatemque
918 855 974 913 Ec·
1013 850 1168 926 Religiosis
1189 851 1344 910 eunctisel
1358 852 1447 910 sacris
1460 851 1763 928 initiatisexemplum
1777 852 1867 912 relin-
1963 922 1966 932 y

113 945 213 1005 clasiae
244 944 349 1004 writer
382 945 572 1019 opprimebat,
602 946 751 1006 monacbis
789 945 974 1021 potissimum
1012 958 1117 1018 quens,
1131 943 1275 1017 quomodo
1299 941 1435 1017 singulus
1461 942 1586 1019 quisque
1608 944 1698 1004 uerba
1720 945 1869 1019 propbetae

114 1034 248 1092 infestus.
263 1032 375 1104 Quibus
394 1033 509 1093 damnis
531 1033 661 1108 pontifex
687 1033 839 1108 prouidere
861 1033 971 1105 volema,
1013 1048 1128 1106 semper
1139 1032 1176 1090 ob
1188 1029 1286 1090 oculos
1298 1030 1405 1091 babere
1416 1031 1501 1091 debet
1519 1035 1686 1107 :seplasia
1699 1034 1744 1090 dte
1758 1035 1868 1091 leodem

113 1121 148 1181 Β.
163 1121 284 1180 Petrum
302 1122 437 1181 Ilamiaui
458 1121 586 1197 legatum
604 1122 637 1182 in
660 1122 849 1183 Germaniam
873 1122 972 1196 mittit,
1013 1120 1077 1177 diat
1105 1121 1158 1176 tibi
1186 1122 1268 1194 (Psoi.
1294 1121 1419 1194 cxvru);
1444 1127 1473 1178 et
1501 1129 1610 1194 quanta
1644 1123 1805 1182 reverentia
1835 1138 1869 1181 ac

113 1228 175 1288 quo
200 1212 315 1273 delatus
339 1213 452 1288 Petrus,
481 1213 610 1274 ilenrico
646 1211 894 1286 Frankcolordiae,
920 1212 973 1273 ubi
1013 1210 1167 1270 devotione
1195 1212 1234 1269 sit
1262 1211 1459 1286 peragendum
1485 1210 1596 1286 ubique
1620 1212 1757 1272 dunum
1784 1229 1868 1287 opus,

11 1341 13 1356 .
112 1309 281 1363 conventus
308 1302 473 1378 cogebatur,
505 1302 641 1363 mandata
671 1303 817 1378 pontilicis
848 1302 903 1362 sub
926 1302 974 1362 bis
1013 1307 1150 1360 monente
1163 1300 1327 1359 noseodem
1347 1300 1507 1375 propbeta:
1528 1303 1644 1359 Psaltite
1663 1306 1728 1369 Dea,
1742 1306 1867 1375 psallite,

112 1389 260 1465 capitibus
270 1388 406 1464 exposuit
416 1388 590 1466 intrepidus,
606 1393 639 1450 ut
650 1390 751 1450 scribit
769 1388 925 1465 Sigonius:
1009 1394 1125 1465 psallite
1137 1393 1276 1465 sapienter
1289 1391 1374 1460 (Prot.
1396 1394 1500 1462 snum
1518 1396 1547 1450 et
1558 1390 1654 1450 alibi:
1679 1395 1712 1449 ln
1724 1398 1868 1467 mnspeeto

148 1481 226 1542 Rem
248 1481 416 1555 pessimam,
429 1485 457 1540 et
478 1496 496 1539 a
518 1479 636 1540 nomine
661 1479 835 1553 Christiano,
863 1481 973 1541 nedum
1011 1483 1170 1551 oaqebrom
1180 1481 1302 1552 psallam
1312 1481 1365 1536 titt
1382 1482 1468 1549 (Psal.
1481 1484 1634 1552 cxxxvu).

112 1571 206 1645 regio,
222 1569 350 1630 alienam
371 1583 445 1641 esse,
463 1583 553 1644 quam
580 1568 631 1628 ilie
657 1567 828 1642 moliretur3
844 1568 924 1645 quod
947 1569 973 1629 si
1048 1568 1194 1628 Reversus
1218 1567 1321 1629 Petrus
1340 1585 1358 1628 a
1383 1567 1526 1643 legatione
1553 1570 1727 1643 Germania,
1747 1570 1785 1630 ad
1805 1585 1868 1629 ere-

112 1659 301 1720 bumanisac
319 1657 429 1718 divinis
444 1657 558 1733 legibus
575 1673 636 1718 non
654 1662 820 1732 terreretur,
842 1659 973 1719 aliamae
1013 1675 1096 1720 mum
1123 1674 1207 1721 suem
1232 1658 1404 1720 Avellanam
1442 1662 1572 1722 concitus
1607 1662 1742 1734 redierat,
1765 1659 1868 1720 existi·

114 1756 144 1808 et
176 1748 404 1809 existimationis
432 1763 496 1809 suae
521 1748 665 1808 rationem
690 1748 821 1822 haberet,
847 1763 886 1808 ne
912 1753 972 1807 tam
1012 1754 1215 1823 mansaptatas
1234 1747 1326 1824 quieti
1349 1750 1497 1810 exanimi
1515 1750 1658 1812 septennia
1667 1751 1729 1826 jam
1752 1752 1870 1812 undem

116 1844 188 1898 tetro
224 1855 378 1899 renenoa
408 1853 476 1912 rege
502 1843 660 1912 temperato
698 1844 789 1898 totum
827 1838 1096 1915 papulumppoase
1116 1835 1724 1913 incumbere;sadrevoaalnsadrego1i0
1746 1839 1869 1913 septimo

114 1929 315 1992 christianum
328 1927 459 1989 inliceret
473 1948 481 1988 :
497 1933 526 1986 et
538 1927 591 2003 qui
603 1927 830 2002 meinamma
846 1929 973 2002 deberet,
1013 1943 1096 2004 papa,
1110 1926 1162 2003 qui
1175 1940 1253 1986 anno
1274 1923 1343 1986 iota
1355 1927 1522 1987 cathedram
1545 1927 1622 1987 Petri
1645 1928 1783 2001 obtinuit,
1796 1927 1870 1988 mis-

114 2018 153 2079 iis
185 2033 218 2078 se
241 2020 376 2094 princeps
401 2016 601 2092 obstringeret
630 2014 714 2086 Quod
739 2017 765 2078 si
792 2032 852 2077 non
877 2017 974 2079 flecte-
1014 2036 1065 2081 sus
1076 2025 1119 2080 est
1137 2018 1250 2093 legatus
1267 2019 1304 2076 de
1317 2017 1407 2078 latere
1425 2033 1478 2094 per
1500 2024 1590 2079 mtam
1607 2018 1733 2092 ltaliam,
1748 2024 1782 2080 ut
1807 2033 1871 2093 pro·

115 2113 199 2167 retur
225 2107 364 2182 masiliis,
392 2121 446 2182 pro
473 2111 551 2165 certo
575 2105 696 2167 haberet
721 2106 888 2182 pontificem
912 2106 974 2166 rim
1014 2107 1159 2183 mulgeret
1170 2108 1281 2168 decreta
1295 2108 1331 2167 de
1347 2106 1469 2167 dicendo
1483 2106 1584 2168 Officio
1600 2106 1635 2167 B.
1657 2106 1757 2168 llariae
1772 2106 1870 2181 Virgi-

114 2194 344 2256 eoclssiastimm
372 2197 599 2270 adhibiturum;
623 2213 721 2274 neque
748 2197 811 2257 suis
837 2197 976 2259 manibus
1013 2198 1071 2271 nis,
1087 2198 1166 2274 quod
1190 2198 1301 2274 ubique
1327 2198 1473 2258 siluerat:
1494 2197 1584 2259 simul
1605 2198 1755 2274 jejunium
1779 2204 1872 2257 sextm

115 2301 185 2346 eum
206 2285 367 2361 aliquando
387 2287 591 2362 imperatorem
616 2293 808 2347 emturum.
831 2286 877 2346 Ad
902 2288 975 2347 banc
1013 2287 1095 2348 ieniae
1121 2288 1153 2346 in
1179 2289 1322 2348 bonorem
1356 2295 1464 2348 sancta
1492 2288 1588 2349 erucis
1617 2288 1768 2363 indiceret,
1791 2289 1871 2364 qood

114 2375 280 2436 orationem
291 2391 359 2436 cnm
375 2376 531 2452 principes,
549 2377 601 2452 qui
616 2377 747 2450 aderaut,
762 2376 976 2437 exclamassent
1013 2377 1210 2438 oblitteratum
1241 2393 1305 2437 esse
1331 2376 1494 2438 uidebatur.
1519 2376 1603 2450 Quod
1636 2393 1745 2440 munus
1768 2378 1871 2439 Petrus

114 2479 203 2538 aqua
235 2463 339 2539 iubere
377 2464 546 2525 Romanum
578 2466 756 2540 pontificem,
787 2466 974 2542 dicerentque
1011 2467 1216 2527 ardentissima
1229 2468 1370 2527 charitate
1383 2469 1485 2542 obivit,
1501 2469 1603 2530 multis
1616 2484 1650 2529 ae
1669 2468 1771 2530 multis
1792 2468 1870 2529 didi·

115 2569 184 2615 eum
211 2553 363 2615 turbandae
387 2554 556 2630 reipublice
588 2555 766 2616 occasionem
793 2571 862 2615 cum
884 2554 974 2614 armm
1011 2556 1180 2630 coitalibus,
1195 2555 1398 2632 Deojurente,
1414 2557 1568 2632 superatis.
1966 2601 1969 2604 -

114 2642 286 2719 parendbns
309 2642 418 2718 regina
443 2660 504 2704 non
529 2644 659 2719 praebere
681 2644 786 2704 debere
808 2643 974 2718 imperator,
1048 2643 1138 2703 Porro
1160 2643 1197 2703 de
1215 2643 1329 2718 ieiunio
1352 2642 1448 2705 crucis
1471 2659 1532 2704 non
1548 2650 1593 2703 est
1618 2644 1735 2706 silentio
1754 2649 1871 2720 praeter-

115 2731 209 2792 nullis
226 2729 467 2792 aliisrationibus
487 2732 585 2793 locum
600 2733 781 2809 relinquens,
797 2749 829 2793 se
849 2732 881 2792 in
899 2747 973 2808 pon·
1013 2731 1155 2804 eundum,
1172 2747 1240 2807 quae
1264 2732 1301 2791 ad
1324 2748 1456 2793 smmum
1479 2733 1653 2793 Avefflnam
1675 2732 1869 2809 contigerunt.

115 2820 202 2882 tilims
217 2821 387 2882 aucwdute
399 2827 492 2882 totum
504 2821 626 2882 remisit.
1013 2819 1181 2895 AEgrotabat
1194 2820 1236 2879 ibi
1257 2820 1311 2881 loci
1327 2821 1357 2879 in
1380 2820 1515 2882 eubiculo
1533 2837 1635 2896 moen,
1652 2822 1711 2884 Leo
1731 2822 1871 2893 nomine;

104 2957 108 2964 .
149 2909 186 2969 In
203 2925 238 2968 ee
255 2908 399 2984 legatione
412 2909 517 2971 Petrus
538 2910 571 2969 in
591 2925 681 2984 regno
703 2908 886 2984 Burgundios
902 2924 974 2968 con·
1013 2908 1063 2969 bic
1084 2909 1257 2985 precabatur
1272 2909 1389 2971 assidue
1406 2910 1499 2972 ὓειιιιι
1516 2927 1569 2987 pro
1596 2912 1630 2972 B.
1657 2911 1751 2985 Petro,
1769 2917 1800 2972 et
1819 2927 1872 2986 pro

114 2997 257 3058 datorem
281 2998 395 3070 babuit,
432 2998 509 3057 sicut
544 2997 606 3073 ipse
640 2998 673 3058 in
700 2996 850 3057 miraculis
883 3001 973 3072 notat,
1013 2998 1247 3074 congregatione,
1260 3006 1354 3073 etpro
1375 2999 1504 3060 Ecclesia
1517 3019 1525 3057 z
1540 3001 1619 3077 quod
1635 3014 1703 3061 cum
1721 2999 1873 3061 ardentius

115 3086 291 3160 Adraldum,
317 3087 497 3163 prudentem
526 3094 555 3147 et
583 3087 754 3164 religiosum
782 3088 893 3161 vuum,
922 3087 975 3163 qui
1014 3090 1099 3150 solito
1123 3090 1239 3163 faceret,
1266 3097 1359 3163 nocte,
1380 3106 1449 3166 quta
1472 3091 1551 3151 diem
1574 3090 1734 3167 praeoessit,
1754 3089 1873 3168 wando

115 3173 297 3237 bremetensi
320 3177 528 3253 praeeminebat
544 3180 729 3252 monasterio,
747 3179 800 3254 qui
823 3177 855 3238 in
870 3178 1166 3269 itinerecdecretum
1187 3181 1224 3241 de
1242 3181 1356 3257 J'ejunio
1374 3189 1466 3242 sextas
1488 3183 1606 3244 ledaea
1630 3183 1715 3244 Petro
1739 3182 1871 3259 promul·

115 3264 174 3325 duo
192 3264 239 3326 illi
261 3264 361 3326 retulit
386 3266 537 3339 miracula,
554 3281 621 3341 quae
644 3266 694 3326 hic
719 3267 824 3327 addere
848 3268 975 3328 otiosum
1015 3270 1230 3345 gandumeral,
1247 3285 1313 3331 ecce
1331 3270 1405 3331 vidit
1417 3288 1488 3333 mox
1510 3272 1669 3333 insomnis
1691 3272 1873 3349 frequentem

114 3368 176 3413 non
191 3354 257 3414 erit.
960 3403 965 3412 .
1015 3359 1226 3420 monachorum
1239 3366 1419 3421 conventum
1432 3362 1464 3421 in
1477 3361 1594 3437 templo,
1609 3363 1663 3437 qui
1680 3363 1757 3423 albis
1774 3360 1873 3422 induti

149 3446 282 3508 Clericus
309 3448 429 3525 quidam
458 3451 587 3512 flurium
619 3451 765 3511 transiens
794 3450 829 3513 B.
857 3449 973 3512 Severi·
1015 3447 1159 3521 resdbus,
1186 3448 1371 3509 amrissimis
1398 3451 1518 3511 omibus
1543 3457 1573 3510 et
1603 3451 1683 3512 dulci
1714 3450 1873 3511 admodum

113 3547 187 3596 uum
213 3536 383 3612 episcopum
404 3539 525 3599 obvium
550 3538 654 3600 babuit
673 3559 681 3599 ε
701 3540 750 3600 cui
770 3555 838 3600 cum
859 3545 975 3614 rogatus
1015 3534 1230 3608 concentu,illa
1243 3536 1348 3611 hymni
1358 3538 1453 3597 crucis
1466 3537 1555 3598 verba
1566 3537 1739 3599 anunente
1755 3536 1872 3620 «Dulce

116 3625 153 3685 ab
168 3625 222 3686 illo
237 3643 362 3689 manum
377 3630 512 3706 dedisset,
528 3647 651 3706 eamque
666 3631 818 3707 episcopos
836 3631 974 3693 fluctibus
1015 3625 1141 3700 lignum
1153 3624 1253 3685 dulces
1264 3625 1371 3701 claros,
1385 3626 1589 3689 ducatorem
1598 3627 1737 3703 pondera.
1747 3652 1762 3680 ι
1776 3627 1872 3687 Panes

113 3714 321 3792 impressisset,
340 3723 438 3779 mutus
466 3718 606 3780 clericum
630 3718 715 3779 ardor
734 3725 853 3794 repente
873 3718 974 3777 absor-
1016 3715 1088 3775 item
1107 3713 1141 3772 iu
1164 3713 1315 3774 refectorio
1338 3731 1402 3775 esse
1428 3718 1574 3791 appositos
1600 3716 1708 3777 mensis
1733 3716 1872 3777 nitidissi-

113 3801 189 3874 buit,
214 3811 249 3864 ot
282 3805 415 3881 undique
441 3822 543 3867 carnes
566 3807 656 3868 totius
695 3823 800 3868 manus
825 3805 975 3868 dissolutae
1015 3819 1090 3877 mos,
1105 3810 1278 3879 exstareque
1294 3804 1371 3865 inter
1384 3807 1542 3867 momcbos
1557 3808 1657 3871 virum
1672 3806 1870 3868 venerabilem

113 3891 292 3966 diffluerent,
309 3899 338 3953 el
360 3910 424 3954 ossa
446 3895 497 3956 uix
523 3896 703 3957 beientibus
726 3895 857 3958 articulis
879 3912 975 3956 rema·
1015 3893 1090 3952 albis
1109 3891 1258 3965 indutum,
1273 3893 1325 3966 qui
1344 3892 1452 3954 diceret
1465 3913 1473 3953 z
1488 3894 1528 3954 Hi
1550 3902 1620 3956 sunt
1642 3911 1745 3971 panes,
1761 3895 1870 3972 quibus

115 3985 230 4040 nerent.
247 3979 331 4041 'l'uno
348 3998 409 4056 prae
428 3983 530 4044 dolore
549 3984 725 4044 exclamanti
746 3985 872 4045 clerico:
891 3984 976 4044 Unde
1016 3982 1073 4043 filii
1084 3983 1174 4043 lsrael
1194 3983 1227 4043 iu
1250 3984 1362 4045 desento
1375 3986 1439 4048 aliti
1459 3994 1529 4048 sunt
1549 3990 1648 4062 illaad.
1662 3990 1737 4062 xvi).
1755 3988 1869 4060 Quibus

116 4073 160 4141 tu,
194 4069 281 4144 cuius
307 4086 413 4130 nomen
436 4071 469 4131 in
494 4079 573 4133 unta
595 4074 799 4134 benedictione
834 4079 888 4148 est,
915 4081 976 4133 tam
1016 4070 1135 4147 prolatis
1148 4071 1256 4145 verbis,
1272 4088 1414 4148 mensam,
1428 4091 1496 4150 quae
1509 4077 1624 4137 eratad
1637 4077 1814 4137 occidentem
1834 4076 1872 4137 ad

115 4157 264 4233 pestilenti
289 4161 427 4236 voragine
448 4161 843 4238 coosuingerisirespondil
865 4163 975 4239 episco-
1017 4161 1160 4222 orientem
1185 4162 1341 4236 transtulit,
1367 4163 1419 4227 ubi
1446 4165 1480 4227 in
1499 4165 1609 4242 pariete
1636 4164 1743 4228 Christi
1772 4165 1870 4227 cruci·

115 4263 195 4324 pus:
219 4247 285 4308 Hac
307 4266 361 4323 ego
385 4250 501 4312 residua
529 4258 644 4315 tantum
670 4253 783 4315 ultione
809 4253 918 4330 plector
944 4254 975 4313 in
1018 4250 1073 4310 fixi
1086 4249 1183 4326 imago
1197 4250 1372 4326 positaerat.

114 4337 302 4412 purgatorio;
327 4338 398 4414 quia
413 4340 444 4398 in
460 4341 529 4400 aula
546 4341 626 4417 regio
644 4342 768 4417 negotiis
787 4342 977 4404 ammarum
1054 4338 1142 4401 Alius
1166 4339 1237 4399 item
1260 4342 1430 4415 monachus,
1449 4340 1552 4402 Petras
1569 4341 1700 4417 nomine,
1718 4343 1754 4402 ad
1774 4358 1873 4404 oceno-

116 4441 166 4487 me
190 4427 343 4503 implicare
369 4429 460 4502 volui,
483 4431 678 4508 canonicaque
712 4432 807 4493 officia
842 4449 902 4493 non
925 4448 993 4508 per·
1018 4425 1103 4488 bium
1117 4427 1425 4504 dictorisregressus‚
1439 4429 1561 4504 ignarus
1574 4430 1873 4505 institutionisnorae,

116 4516 260 4577 bonarum
286 4517 389 4592 spatia
417 4518 468 4578 sed
506 4527 672 4583 coacerrata
704 4522 885 4598 negligenter
910 4537 1010 4633 per-D
1020 4516 1213 4593 perqoietem
1233 4532 1252 4575 a
1269 4516 1302 4577 B.
1321 4515 1629 4591 Petroadprandium
1649 4518 1872 4581 inritalnscum
1910 4533 1912 4537 “

116 4602 203 4664 solvi.
229 4604 360 4666 Tovem
382 4605 435 4666 liei
460 4606 645 4670 clementiam
670 4608 821 4673 humiliter
841 4609 975 4684 implora,
1019 4606 1131 4679 lousa,
1150 4606 1289 4682 postridie
1310 4607 1455 4683 accipiens
1479 4607 1549 4667 noni
1576 4608 1650 4668 ritus
1674 4608 1874 4684 disciplinam,

117 4699 151 4752 ut
171 4708 300 4753 manum
327 4699 409 4756 tuam
428 4696 558 4771 pristinas
585 4698 702 4759 sanitati
728 4698 872 4760 restituat.
895 4695 978 4768 Quod
1019 4697 1172 4758 monacbis
1214 4697 1347 4773 paetmit
1383 4713 1533 4759 arcanum.
1559 4697 1672 4770 Quibus
1710 4697 1874 4760 udonibus

115 4781 169 4842 abi
186 4781 368 4858 manet,
387 4786 498 4860 rogarit
520 4803 591 4847 eum
610 4793 643 4848 nt
662 4802 761 4864 preces
784 4787 845 4847 lieo
873 4786 977 4847 lunde-
1019 4786 1156 4846 monachi
1178 4786 1326 4855 commoti,
1340 4802 1411 4847 mox
1424 4799 1561 4847 omnesa
1585 4787 1619 4848 B.
1634 4787 1719 4848 Petro
1737 4786 1876 4863 supplici·

115 4878 168 4944 ret,
204 4877 235 4930 et
259 4872 401 4933 sufficia
431 4874 535 4937 offerre
570 4892 623 4952 pro
650 4875 703 4937 illo
731 4876 835 4937 tratres
860 4876 976 4951 iaceret,
1019 4879 1065 4935 ter
1091 4875 1261 4951 deposcunt,
1286 4876 1371 4937 ilium
1396 4876 1429 4936 in
1462 4875 1545 4937 omni
1582 4875 1696 4950 reliquo
1725 4874 1817 4950 rictu,
1839 4891 1875 4936 ac

117 4959 376 5038 indigentibusque
393 4962 558 5026 subsidium
577 4959 718 5040 soniare,
741 4965 850 5043 quibos
874 4966 978 5042 proxi·
1019 4965 1188 5038 restitues
1206 4965 1371 5040 decernere,
1389 4982 1423 5026 ea
1442 4967 1501 5028 illis
1524 4968 1677 5041 imperare,
1695 4980 1762 5040 quta
1780 4966 1874 5040 magis

118 5068 167 5113 me
182 5068 215 5113 se
227 5052 408 5128 expiandum
422 5055 485 5115 tore
498 5070 516 5113 a
528 5053 589 5114 Deo
602 5056 725 5129 gratiam
739 5054 923 5117 obtinuisset.
1020 5056 1159 5132 expedire
1169 5073 1253 5133 posse
1268 5056 1421 5134 judiearet.
1439 5057 1486 5117 lix
1501 5073 1560 5133 quo
1578 5054 1627 5115 die
1640 5053 1774 5114 instituto
1789 5054 1876 5130 juxta

153 5141 258 5203 unser
269 5141 341 5203 item
354 5145 454 5220 proba
470 5144 577 5204 mentis
591 5150 621 5205 et
642 5151 729 5206 emta
749 5145 979 5208 conremationis
1020 5146 1166 5208 visionem
1179 5146 1338 5219 refectorio,
1352 5151 1543 5221 susceptoque
1557 5144 1672 5220 jejunio
1690 5149 1782 5203 sextas
1794 5141 1876 5204 feriae

118 5233 249 5294 ooenobii
274 5233 474 5295 cluniacensis
499 5249 551 5308 per
585 5233 693 5305 locum,
721 5235 776 5296 ubi
814 5235 871 5310 ipsi
896 5241 980 5295 erant
1019 5248 1073 5310 pro
1087 5234 1261 5308 inviolabili,
1275 5233 1441 5296 ooenobium
1458 5232 1636 5292 Areuanum
1653 5248 1761 5293 nomen
1776 5232 1877 5293 Crucis

120 5320 359 5394 sermocinantes,
394 5322 450 5381 iter
476 5320 595 5393 indens,
615 5319 803 5397 peregrinum
828 5322 979 5394 crinitum,
1020 5329 1050 5382 et
1077 5321 1196 5382 titulum
1218 5321 1356 5392 obtinuit,
1384 5320 1462 5395 quod
1487 5318 1524 5377 ad
1551 5319 1627 5380 hanc
1648 5320 1727 5381 diem
1750 5321 1876 5392 relinet;

121 5409 251 5484 palmam
273 5410 306 5469 in
332 5425 422 5469 manu
447 5410 589 5471 terentem
613 5407 910 5482 obrinmbabuerat,
927 5411 981 5485 qui
1020 5428 1089 5474 cum
1107 5418 1191 5472 antea
1205 5411 1301 5471 solum
1319 5408 1440 5470 titulum
1457 5410 1549 5472 eremi
1571 5412 1658 5473 tontis
1683 5411 1876 5485 laedamur

121 5500 321 5575 manneus
344 5498 456 5561 dicebat
480 5519 488 5560 :
515 5499 740 5574 completorium
767 5500 798 5559 in
827 5499 900 5560 laeto
926 5514 982 5560 neo
1021 5517 1061 5563 ex
1080 5500 1157 5561 Vitas
1179 5498 1276 5561 verbis
1295 5514 1313 5558 a
1335 5498 1616 5576 discipulotscriptae
1638 5500 1749 5578 liquet;
1765 5499 1824 5572 rel,
1843 5504 1878 5559 ut

11 5639 13 5654 .
122 5589 204 5650 nius
229 5594 356 5662 mtnec
378 5590 720 5666 protectus3statimqne
740 5590 863 5665 exejus
888 5590 982 5651 oculis
1020 5591 1193 5665 interpretes
1210 5588 1313 5651 Danda
1329 5589 1444 5664 volunt,
1466 5596 1693 5667 cognomentum
1716 5586 1875 5651 columba.

11 5685 13 5814 Ε
124 5679 257 5741 ermmt
285 5677 369 5739 Unde
387 5678 512 5742 mintus
526 5679 616 5740 irater
634 5679 828 5754 improvisam
845 5693 980 5754 congres·
1021 5678 1087 5740 aB.
1107 5675 1270 5753 (landulphi
1287 5678 1472 5740 institutione
1486 5680 1659 5741 admisisset.
1674 5679 1758 5740 Tunc
1776 5674 1877 5736 itidem
