4100 6209
206 295 260 356 ult
516 295 547 356 S.
570 293 681 353 PETRI
701 291 861 352 Daularll
881 290 959 352 OPP.
981 291 1078 353 PARS
1098 294 1168 357 SEU
1188 298 1313 360 bouus
1332 297 1371 358 11.
1391 329 1425 342 -
1445 295 1653 359 SERMONES.
1690 353 1692 358 .
1908 300 1962 362 fild

212 420 331 481 aefernis
348 419 463 480 eludere
484 419 588 495 toepilt
608 431 696 476 senet
716 423 767 487 est,
788 415 839 491 qui
856 426 989 492 cceperat,
1008 418 1191 483 sedbdece‘l
1202 420 1258 483 Sed
1271 422 1514 481 succenderatcor
1525 421 1590 495 ejus
1605 419 1784 481 familiaritas
1795 419 1924 496 dulcior,
1932 432 1962 483 et

209 509 330 573 dimisit.
347 511 489 584 Utrcsque
506 508 594 581 igitur
607 505 656 564 ille
675 520 810 565 summus
830 513 940 565 amator
958 507 1060 568 exclu-
1101 509 1225 569 verbum
1249 509 1285 567 de
1309 508 1509 583 Redemptoris
1531 508 1659 568 absentia
1686 509 1742 584 pati
1766 522 1827 568 nou
1851 516 1962 583 poterat

209 601 262 671 dit,
285 604 314 659 et
340 615 357 658 a
384 598 529 671 maiestate
554 610 616 655 suae
637 595 799 654 dilectionis
822 594 963 654 eliminat.
993 595 1060 657 Sola
1101 597 1264 672 benignitas
1295 596 1451 671 diligentie.
1484 596 1539 656 Hic
1569 596 1701 671 diligitur
1729 596 1807 656 Deus
1835 613 1873 656 ex
1894 605 1961 658 toto

207 688 409 760 adolescentia,
434 686 645 746 ardentissimis
683 686 802 759 ignibus
844 687 1058 761 incandescens,
1099 688 1194 757 corde,
1209 703 1276 747 cum
1291 688 1320 747 in
1340 687 1424 747 ourde
1442 687 1572 746 bominis
1588 686 1751 745 affectuset
1766 685 1891 746 dulcedo
1910 689 1960 747 in·

207 778 372 854 eclipticum
395 790 523 834 amorem
550 788 606 834 non
634 775 745 848 recipit,
770 775 818 834 sed
844 775 976 834 ardorem
1003 776 1059 836 sibi
1100 775 1219 845 habitet,
1245 776 1398 850 solumque
1419 791 1468 834 cor
1490 774 1618 834 bominis
1639 774 1747 834 amoris
1772 774 1960 835 dulcedinem

207 867 336 928 vindicat
354 865 512 937 copiosum.
533 863 612 923 Inter
631 863 860 923 adolescentulas
879 864 977 938 igitur,
992 866 1059 924 ani·
1100 866 1294 941 perseveranti
1316 866 1471 925 stabilitate
1493 865 1644 925 custodiat.
1673 865 1755 924 Unde
1774 873 1803 925 et
1829 865 1960 940 vulgaris

208 970 271 1015 mas
294 952 429 1013 videlicet
454 952 622 1023 electorum,
646 968 713 1028 quae
736 953 843 1011 coelesti
864 969 969 1028 sponso
986 954 1059 1012 dile·
1100 971 1172 1015 usus
1187 954 1377 1029 obtinuit,ut,
1389 971 1458 1016 cum
1469 955 1597 1031 aliquem
1611 956 1648 1015 ab
1658 955 1757 1031 aliquo
1771 957 1960 1016 vehementer

206 1042 331 1104 ctionem
358 1042 554 1117 promiserunt
574 1049 602 1101 et
623 1042 721 1114 fidem,
737 1043 791 1102 ista
812 1042 872 1101 sola
893 1043 997 1102 dilexit
1013 1059 1059 1102 ar·
1101 1044 1193 1105 amari
1211 1046 1414 1118 conspicimus,
1429 1046 1562 1105 dicamus
1581 1071 1587 1106 ι
1607 1046 1652 1105 Er
1666 1047 1751 1106 corde
1765 1045 1864 1121 diligit
1876 1062 1959 1116 eum,

207 1135 334 1204 dentius,
348 1138 377 1193 et
398 1133 505 1193 amoris
524 1134 688 1209 impatiens,
697 1133 738 1191 ait
752 1157 759 1192 :
775 1158 788 1186 a
803 1132 933 1203 Domine,
947 1134 972 1191 si
989 1130 1061 1189 135
1101 1150 1188 1210 quem
1204 1135 1313 1194 scilicet
1324 1141 1411 1208 amat,
1425 1142 1454 1194 et
1473 1137 1617 1210 sequitur.

206 1230 294 1297 tues,
309 1223 382 1299 jube
398 1238 444 1281 me
459 1221 558 1282 venire
572 1221 608 1280 ad
623 1229 649 1282 te
667 1238 754 1297 super
767 1238 858 1298 aquas
875 1224 984 1295 (Metti.
1001 1223 1029 1296 ι).
1045 1246 1067 1284 υ,
1137 1223 1290 1284 Secundus
1303 1230 1354 1290 est,
1364 1224 1486 1299 diligere
1495 1225 1647 1299 sapienter.
1663 1223 1777 1284 Gradus
1789 1224 1843 1284 iste
1857 1226 1959 1285 multe

209 1313 275 1374 Non
289 1314 386 1374 timuit
399 1314 576 1388 singularem
590 1313 725 1372 elementi
742 1313 912 1382 molestiam,
929 1318 956 1373 et
967 1312 1062 1389 pelagi
1101 1312 1265 1372 altitudinis
1276 1320 1329 1386 est,
1342 1322 1370 1372 et
1380 1313 1625 1373 nimisdifficilem
1635 1312 1957 1388 polliceturascensum.

212 1403 359 1465 saeviemis
382 1403 532 1462 undositas
548 1403 684 1461 allectum
707 1403 837 1477 Apostoli
859 1404 982 1463 retinere
1002 1419 1062 1463 non
1103 1401 1166 1460 Non
1193 1407 1292 1461 autem
1321 1401 1417 1460 evadit
1445 1402 1481 1461 ad
1518 1417 1656 1462 cacumen
1693 1401 1758 1478 ejus
1788 1405 1848 1463 nisi
1876 1420 1960 1464 mens

209 1494 313 1572 potuit.
340 1493 395 1554 Sed
417 1494 548 1567 quidest
570 1493 647 1566 quod
672 1493 741 1551 dicit
763 1498 855 1560 nimis,
878 1509 945 1554 cum
975 1494 1062 1554 nimis
1104 1490 1253 1564 mundior,
1270 1498 1299 1549 et
1315 1506 1383 1567 quae
1400 1491 1506 1551 mundi
1521 1493 1610 1566 bujus
1628 1492 1798 1567 sapientiam
1818 1495 1959 1569 sapientia

210 1582 261 1643 ille
276 1582 429 1656 diliginus
447 1582 546 1656 possit,
562 1581 613 1656 qui
630 1582 792 1654 totocorde,
807 1582 1063 1654 fotianima,totis
1103 1580 1284 1655 supervaleat
1311 1582 1492 1655 angelorum.
1528 1579 1598 1638 130
1629 1582 1691 1643 Non
1720 1583 1881 1644 attenditur
1913 1584 1961 1643 bie

210 1670 325 1734 viribus
338 1670 506 1746 praecipitur
520 1668 713 1744 diligendus?
1104 1671 1257 1744 nascentis,
1274 1672 1319 1731 vel
1343 1672 1509 1733 itinerantis
1527 1672 1579 1733 liei
1597 1673 1746 1733 cumulata
1762 1674 1888 1746 devotio,
1908 1673 1960 1733 sed

247 1761 318 1822 Tres
338 1766 410 1820 suut
429 1759 535 1833 gradus
548 1760 578 1819 in
599 1775 697 1819 amoro
717 1758 779 1830 Dei,
795 1774 921 1835 quorum
936 1760 972 1820 ad
990 1759 1091 1843 alle-B
1105 1756 1233 1818 Verbum
1256 1757 1286 1817 in
1307 1759 1449 1834 principio
1472 1761 1549 1834 apud
1568 1760 1661 1820 Deum
1679 1764 1769 1832 (foca.
1793 1767 1826 1831 ι).
1851 1761 1958 1822 lleoor·

210 1864 276 1909 rum
300 1849 365 1908 sine
381 1847 471 1907 altero
493 1847 694 1920 conmendare,
715 1853 767 1907 aut
787 1863 889 1922 parum
906 1848 992 1920 valet,
1011 1856 1062 1907 ant
1102 1846 1170 1905 dare
1185 1846 1294 1907 lilium
1308 1848 1360 1908 Dei
1373 1865 1440 1908 cum
1460 1848 1544 1909 Patre
1558 1848 1657 1909 omnia
1676 1849 1875 1924 fabricantem,
1894 1868 1959 1910 cre·

210 1936 295 1997 nibil.
319 1935 452 1998 Cucurrit
472 1952 505 1995 eo
530 1936 685 2010 Apostolus
705 1936 776 2010 pede
796 1933 948 2007 velociore,
968 1935 1063 1994 donec
1102 1944 1199 1996 antem
1227 1937 1356 2013 angelos,
1388 1937 1530 1997 elementa
1551 1940 1733 2014 jungentem,
1756 1939 1960 2014 disponentem

208 2026 239 2084 in
263 2025 338 2085 tertii
356 2025 522 2085 summitate
540 2024 708 2100 repositum,
727 2025 764 2083 ad
788 2025 903 2084 coeleste
919 2024 1061 2099 palatium
1102 2026 1258 2096 mundum,
1287 2027 1385 2086 omnia
1410 2028 1640 2101 gubemantem3
1659 2034 1687 2087 et
1709 2042 1847 2099 cognosce
1869 2044 1959 2103 quam

208 2115 344 2176 evolaret.
359 2114 598 2173 Amandusenim
618 2121 661 2172 εει
675 2113 751 2173 Deus
764 2113 897 2183 dulciter,
914 2113 1061 2189 sapienter
1102 2112 1245 2173 excelsior
1262 2113 1300 2172 sit
1318 2114 1373 2173 ista
1392 2114 1518 2189 cognitio
1537 2130 1626 2188 quarn
1641 2114 1701 2173 illa.
1716 2113 1834 2175 Intuere
1854 2115 1960 2175 instra·

206 2215 234 2267 et
252 2207 370 2268 fortiter.
386 2206 442 2266 Sed
454 2207 514 2282 iam
526 2207 677 2268 videamus
690 2205 761 2282 quid
776 2207 814 2266 sit
827 2206 951 2265 dulciter
963 2219 1061 2264 amare
1102 2203 1190 2263 bilem
1214 2203 1307 2279 ipsius
1331 2205 1507 2279 genituram,
1533 2212 1562 2264 et
1587 2205 1718 2278 genitum
1740 2206 1874 2281 giguemi
1898 2220 1960 2265 non

207 2296 310 2357 Deum.
332 2294 432 2356 Dulcis
450 2296 529 2354 enim
545 2302 597 2366 est,
613 2302 640 2354 et
656 2294 779 2353 dulciter
791 2291 875 2366 diligi
894 2291 986 2355 debet.
1008 2290 1061 2365 qui
1103 2294 1295 2367 dissimilem;
1315 2311 1369 2354 nec
1391 2296 1516 2371 priorem
1539 2296 1651 2355 Patrem
1675 2311 1762 2371 quam
1789 2294 1918 2366 Silium3
1933 2303 1960 2356 et

211 2387 430 2448 multitudinem
446 2385 608 2446 dulcedinis
622 2401 693 2456 suae,
710 2385 755 2443 vel
769 2383 945 2450 amantibus,
962 2383 1007 2443 vel
1025 2384 1061 2442 ti·
1107 2391 1175 2445 lunc
1189 2386 1334 2460 intelliges
1350 2395 1458 2463 quanta
1470 2387 1632 2447 differentis
1647 2388 1825 2447 nativitatem
1842 2396 1959 2448 utnm·

207 2475 355 2536 mentibus
372 2491 403 2534 se
426 2475 588 2534 ministrare
612 2490 671 2534 non
689 2479 789 2533 cessat.
810 2474 933 2530 Amator
946 2472 975 2530 in
993 2471 1061 2531 dul·
1103 2492 1161 2552 que
1173 2476 1340 2552 disjungat;
1355 2493 1423 2536 cum
1438 2476 1517 2537 aliud
1533 2477 1571 2536 sit
1585 2478 1664 2536 nasci
1677 2476 1706 2536 in
1720 2476 1821 2551 gloria,
1830 2478 1917 2538 aliud
1930 2480 1958 2538 in

207 2567 319 2639 cedine,
339 2582 407 2627 cum
433 2573 547 2626 amatur
568 2569 599 2626 in
620 2582 725 2634 carne;
747 2580 813 2624 cum
834 2563 981 2622 nescimus
1003 2563 1061 2622 nisi
1103 2564 1238 2634 miseria;
1267 2563 1348 2624 aliud
1378 2564 1521 2639 aequalem
1554 2565 1623 2636 Deo,
1649 2565 1730 2624 aliud
1758 2566 1870 2640 angelis
1897 2580 1962 2625 esse

207 2655 356 2716 Christum
373 2656 483 2727 Jesunr,
497 2665 525 2716 ει
542 2658 621 2716 bunc
637 2655 812 2715 crucifixum
825 2672 832 2724 ;
846 2669 912 2714 cum
928 2658 985 2712 tota
998 2667 1060 2712 ear·
1103 2655 1257 2713 minorem.
1279 2653 1349 2712 Haec
1372 2661 1416 2713 est
1436 2653 1577 2728 sapientia
1595 2654 1763 2728 singularis,
1788 2655 1963 2729 supergredi

207 2746 254 2804 nis
272 2745 336 2821 ejus
355 2745 517 2819 frequentia
533 2743 677 2819 frequenti
695 2743 835 2802 memoria
856 2741 1016 2810 retinetur;
1033 2746 1062 2798 et
1103 2741 1231 2816 corporis
1249 2747 1277 2800 et
1300 2756 1455 2816 corporum
1479 2742 1645 2815 obstacula;
1670 2749 1699 2802 et
1723 2743 1755 2801 in
1780 2742 1861 2802 illius
1887 2743 1963 2803 lucis

206 2848 271 2894 ossa
297 2839 396 2891 nostra
416 2831 585 2893 medullitus
606 2833 732 2892 concutit
756 2837 843 2889 tantm
870 2829 1065 2889 miserationis
1105 2829 1240 2890 subsilire
1255 2826 1450 2902 splendorem,
1466 2830 1517 2891 ubi
1536 2829 1635 2891 lumen
1654 2831 1770 2890 ridetur
1786 2831 1818 2891 in
1834 2831 1961 2904 lumine,
2030 2865 2031 2878 ι

209 2921 348 2996 dignatio.
366 2922 440 2981 Cum
458 2920 536 2979 enim
554 2921 739 2979 recordamur
758 2919 865 2992 Regem
880 2919 980 2992 gloriae
997 2934 1065 2992 pac-
1105 2925 1134 2976 et
1151 2916 1229 2975 fleus
1251 2929 1311 2975 nun
1333 2917 1473 2990 serviens,
1493 2919 1543 2978 sed
1567 2918 1713 2993 imperans
1733 2916 1961 2979 demonstratur.

208 3013 271 3075 vuli
291 3011 435 3086 vagientis
454 3011 596 3070 sustinere
612 3010 755 3079 miserias,
775 3023 940 3083 pannorum
959 3008 1063 3066 vlliurn
1106 3003 1296 3064 Felixanima
1308 3021 1384 3079 quae,
1399 3006 1561 3067 faeculentae
1573 3007 1668 3067 carnis
1685 3013 1818 3082 superata
1827 3008 1960 3076 materia,

209 3100 320 3162 vilitate
338 3096 463 3166 devolvi,
482 3099 632 3173 fatigatum
656 3113 694 3157 ex
712 3097 815 3157 itinere
836 3097 971 3167 residere,
993 3095 1066 3154 Pba·
1108 3092 1138 3152 in
1156 3093 1246 3169 huius
1269 3094 1421 3169 sapientiae
1445 3096 1560 3165 lumine
1579 3097 1756 3173 requiescit!
1784 3096 1837 3157 Vis
1859 3097 1962 3157 videre

208 3189 362 3249 metaurum
375 3186 537 3262 opprobria,
551 3186 681 3246 convicia
692 3187 863 3246 ludaeorum
876 3201 946 3247 aure
957 3183 1067 3260 patien·
1107 3182 1245 3254 Paulum,
1275 3185 1420 3258 quomodo
1446 3202 1463 3243 a
1493 3186 1587 3259 primo
1612 3185 1705 3260 gradu
1731 3185 1768 3244 ad
1799 3186 1963 3245 εεειιιιιιιιιιι
2029 3257 2030 3268 ¹

209 3279 321 3338 tissima
332 3276 524 3352 pertransire;
538 3274 672 3348 nunquid
687 3289 745 3333 non
758 3273 914 3349 compungi
926 3271 1067 3331 debemus
1106 3272 1377 3344 ascenderitlcum
1391 3274 1513 3336 dixisset
1529 3296 1536 3335 :
1552 3297 1566 3332 α
1582 3275 1656 3335 Mibi
1668 3276 1743 3336 absit
1757 3274 1889 3351 gloriari,
1906 3276 1963 3336 nisi
2029 3301 2030 3306 ¹

208 3369 243 3429 ad
259 3363 924 3441 untaepietatisintutumfdonsiderafilium
938 3360 1066 3436 Virginis
1107 3362 1137 3421 in
1161 3378 1247 3422 cruce
1269 3361 1386 3422 Domini
1410 3365 1500 3424 nostri
1527 3365 1596 3426 lesu
1619 3366 1746 3426 Christi!
1780 3387 1796 3418 a
1815 3369 1889 3439 (dot.
1909 3371 1963 3434 vt.)

208 3457 317 3517 illitum
347 3455 461 3531 sputis,
492 3454 616 3514 lividum
640 3453 756 3528 plagis,
788 3451 877 3511 clavis
902 3452 1063 3511 confixum.
1089 3453 1222 3527 scripsit
1232 3453 1290 3514 alio
1303 3454 1388 3514 loco:
1410 3454 1498 3514 «Emi
1513 3469 1689 3516 noveramus
1699 3456 1965 3517 Christumsecun·

209 3544 333 3605 attende
353 3550 493 3603 rectorem
515 3541 580 3601 eceli
601 3547 724 3600 stantem
749 3542 780 3598 in
800 3554 894 3612 cruce,
924 3537 1066 3613 pallidum
1107 3540 1177 3602 dum
1190 3541 1378 3612 earnem,sed
1391 3542 1540 3616 nunciam
1554 3544 1811 3618 nonuorimusill
1819 3547 1962 3620 Gravi.»

208 3640 309 3703 morte,
335 3647 421 3692 carue
443 3631 616 3691 deformem.
636 3630 678 3689 Ne
706 3637 887 3705 pertranseas
905 3628 1065 3687 Dominum
1106 3632 1161 3691 Hic
1176 3632 1296 3692 allectus
1311 3632 1462 3706 sapientiae
1480 3632 1559 3692 sedet
1573 3634 1605 3692 iu
1626 3633 1735 3707 anima,
1752 3652 1819 3710 ques
1838 3636 1901 3696 sola
1917 3653 1965 3696 ra·
2028 3651 2029 3708 ζ

209 3722 391 3796 augelorum,
424 3722 532 3782 iactum
558 3719 746 3796 opilfflbliuffl
773 3717 938 3787 homiuum,
967 3717 1064 3775 litum
1106 3725 1194 3784 tionis
1216 3739 1306 3798 capas
1327 3731 1387 3796 est3
1410 3725 1680 3800 incorporeumque,
1696 3733 1725 3785 et
1743 3727 1963 3788 incircumscri-

212 3811 355 3880 dolorum,
370 3816 398 3869 et
416 3809 557 3868 scientem
570 3807 764 3878 inllrmitates,
780 3807 878 3867 virum
894 3821 1063 3881 percussum
1108 3819 1191 3888 ptum
1208 3812 1344 3886 spiritum
1362 3811 1507 3872 indefessa
1519 3813 1707 3875 meditatione
1720 3823 1893 3890 prospectat.
1909 3815 1965 3875 Hic

210 3917 228 3960 a
249 3900 308 3960 Deo
326 3907 354 3958 et
376 3898 576 3969 humiliatum,
599 3897 697 3957 virum
719 3897 864 3970 leprosum
883 3902 910 3951 et
929 3892 1067 3952 omnibus
1108 3899 1240 3974 diligitur
1255 3900 1332 3960 fleus
1346 3916 1384 3959 ex
1399 3906 1456 3960 tota
1468 3901 1575 3972 anima,
1590 3902 1620 3963 id
1634 3909 1677 3962 est
1690 3919 1727 3963 ex
1739 3909 1797 3963 tota
1809 3904 1963 3979 sapientia,

213 3990 378 4066 expositum
405 3988 595 4049 detrimentis.
628 3988 698 4047 Haec
732 3985 890 4046 recordatio
920 3981 1068 4043 succendit
1107 3988 1160 4065 qui
1192 3988 1275 4063 prius
1304 4004 1342 4048 ex
1371 3993 1429 4048 toto
1462 3990 1557 4062 eorde,
1589 3989 1619 4050 id
1647 3999 1691 4051 est
1728 4007 1766 4051 ex
1796 3991 1965 4062 dulcedine,
2027 4057 2028 4068 ,

218 4094 275 4152 eor,
290 4085 391 4154 pectus
404 4076 510 4148 adurit,
528 4076 667 4136 interiora
682 4075 854 4149 depascitur.
868 4073 946 4132 Talis
961 4086 1068 4132 memo
1107 4077 1292 4152 diligebatur.

215 4169 271 4230 ria'
285 4169 364 4228 elicit
392 4168 544 4243 lacrymas,
572 4165 715 4226 sulfundit
740 4165 849 4236 oeulos,
879 4164 980 4225 vultus
1008 4165 1065 4222 bu·
1143 4170 1258 4229 Tertius
1275 4168 1383 4244 gradus
1406 4176 1458 4245 est,
1474 4186 1572 4231 amare
1587 4171 1707 4242 fortiter,
1724 4173 1754 4231 id
1769 4179 1822 4244 est,
1837 4189 1878 4233 ex
1898 4188 1965 4233 om·

213 4258 325 4318 meent.
1106 4258 1195 4320 nibus
1224 4258 1346 4318 viribus.
1377 4258 1500 4318 Fortiter
1528 4258 1625 4332 diligit
1658 4259 1720 4333 qui,
1749 4276 1817 4320 cum
1848 4276 1965 4322 nem

249 4343 331 4410 Circa
351 4341 435 4400 bunc
449 4341 508 4399 fere
521 4339 646 4415 gradum
659 4338 826 4399 obvolvitur
839 4339 937 4399 omnis
948 4338 1065 4413 religio·
1108 4347 1204 4420 iperii,
1229 4363 1281 4422 pro
1308 4344 1464 4408 Salvatoris
1489 4347 1547 4408 ilde
1569 4363 1672 4422 eorpus
1694 4356 1722 4409 et
1746 4352 1878 4410 animam
1905 4359 1967 4411 tor·

216 4448 316 4495 sorum
334 4428 484 4500 instantia,
498 4444 621 4504 raraque
631 4429 694 4488 avis
708 4428 739 4487 in
754 4427 837 4488 terris
850 4433 902 4501 est,
917 4443 984 4504 quae
998 4443 1065 4502 pos·
1109 4437 1214 4496 mentis
1230 4435 1360 4510 exponit.
1380 4435 1436 4495 Hic
1453 4442 1496 4496 est
1513 4437 1624 4497 fruetus
1641 4439 1747 4511 operis,
1763 4438 1873 4499 laboris
1888 4453 1965 4498 eon-
2026 4397 2027 4478 i

215 4524 253 4584 sit
278 4524 357 4584 bunc
380 4519 502 4580 transire
524 4519 692 4594 profectum.
713 4521 795 4577 Astat
814 4517 893 4577 enim
917 4502 1275 4597 orantibustummatio,
1290 4523 1420 4598 probatio
1439 4524 1612 4585 dilectionis.
1628 4524 1668 4585 lle
1685 4528 1780 4601 gradu
1797 4527 1878 4588 enlm
1895 4527 1967 4587 dul-

216 4611 264 4671 vel
278 4612 374 4685 imago
392 4609 536 4669 nascentis
554 4608 618 4680 Dei,
638 4607 682 4668 vel
697 4608 848 4683 pendentis
865 4607 896 4665 in
914 4622 1009 4676 cruce,
1025 4612 1068 4665 te·
1108 4614 1218 4675 cedimis
1243 4613 1280 4672 ad
1308 4612 1459 4687 sapientie
1477 4613 1601 4688 gradum
1624 4617 1793 4675 ascenderat
1815 4616 1968 4692 apostolus
2025 4641 2026 4650 ι

216 4709 324 4777 netque
337 4699 445 4760 mentis
458 4698 592 4758 allectum
607 4696 784 4757 incalescens
796 4696 917 4764 affectio,
932 4704 960 4755 et
975 4696 1011 4755 ari
1024 4696 1068 4755 ul·
1109 4701 1224 4774 Petrus,
1239 4716 1306 4762 cum
1329 4700 1436 4760 diceret
1451 4719 1458 4759 ε
1475 4726 1489 4752 ιι
1508 4701 1647 4760 Animam
1663 4718 1758 4763 meam
1773 4719 1922 4778 ponopro
1941 4711 1969 4763 te
2025 4725 2026 4734 ¹

215 4790 319 4850 teriora
332 4788 384 4848 vix
403 4785 543 4861 permittit
555 4800 718 4845 excurrere.
736 4784 770 4842 In
789 4786 844 4844 hoc
855 4785 947 4859 gradu
967 4783 1069 4843 Petrus
1110 4792 1223 4858 (Μαιιιι.
1252 4793 1352 4858 xxm).
1372 4812 1386 4837 a
1412 4787 1492 4847 Nibil
1530 4789 1689 4863 sapientius
1725 4773 1843 4868 neque*
1862 4791 1971 4851 lortius
2025 4741 2026 4828 ι

213 4880 378 4956 impressus
395 4874 579 4945 consistebat,
597 4888 663 4933 oum
681 4888 808 4942 carnem,
829 4881 858 4932 et
875 4873 1069 4932 conversatio·
1109 4892 1197 4951 quam
1213 4900 1220 4936 ς
1238 4904 1252 4928 a
1265 4877 1403 4935 Animam
1417 4890 1494 4949 pono
1512 4891 1563 4950 pro
1583 4883 1629 4949 te;
1652 4903 1666 4928 t.
1686 4879 1759 4938 ninii
1774 4880 1972 4956 insipientius

216 4987 286 5034 nem
314 4973 384 5033 lesu
408 4969 516 5030 Christi
543 4967 697 5027 tenerrime
730 4967 865 5041 diligens,
892 4964 1068 5026 salvatorem
1109 4983 1205 5042 neque
1228 4966 1354 5027 debilius
1379 4979 1492 5040 quam:
1524 4965 1653 5042 «Neque
1678 4968 1747 5041 scio,
1774 4985 1872 5046 neque
1896 4971 1972 5029 novi

216 5058 504 5123 etiamasalvatione
512 5055 628 5131 generis
640 5055 761 5115 bumani
772 5056 936 5125 retraheret,
949 5053 1067 5115 dicens:
1110 5056 1181 5133 quid
1197 5055 1276 5115 dicas
1289 5057 1378 5130 (loun.
1398 5056 1461 5128 xv).
1485 5075 1496 5106 ι
1515 5053 1644 5114 Profecto
1656 5056 1718 5129 jam
1737 5057 1877 5131 diligebat
1898 5058 1971 5119 dnl-
2024 5047 2025 5084 r

104 5171 110 5176 ·
218 5149 391 5224 «Propitius
402 5155 473 5219 esto,
489 5145 624 5216 Domine,
634 5142 687 5204 tibi
701 5143 767 5217 ipsi,
779 5158 816 5201 ne
829 5143 879 5202 fiat
892 5144 945 5202 boc
959 5146 1068 5214 ιιιαιιι.
1110 5144 1189 5214 citer,
1208 5143 1269 5217 iam
1291 5141 1453 5215 sapienter;
1472 5139 1522 5199 sed
1548 5145 1707 5217 utrumque
1730 5143 1865 5218 perdidit,
1898 5159 1971 5205 curn
2024 5113 2025 5178 ι

215 5249 289 5310 xvii.
303 5264 317 5287 n
336 5239 389 5298 llui
411 5237 576 5297 Dominus:
601 5257 614 5286 r
632 5234 718 5304 Vade,
737 5233 842 5308 iuquit,
863 5240 927 5308 pust
942 5248 997 5305 me,
1014 5231 1068 5292 Sa·
1110 5232 1222 5293 fortiter
1251 5246 1310 5290 non
1334 5228 1463 5298 dilexit;
1492 5243 1559 5287 cum
1585 5229 1623 5288 ad
1651 5245 1753 5290 vocem
1781 5232 1974 5295 mulierculas

216 5333 293 5398 tana,
308 5327 378 5401 quia
396 5339 456 5385 nun
476 5323 553 5399 sapis
571 5339 638 5398 quae
655 5322 707 5382 Dei
727 5328 808 5392 sunt;
827 5322 977 5395 »culpans
996 5336 1067 5380 con·
1110 5319 1266 5379 Dominm
1285 5322 1314 5376 et
1336 5316 1506 5390 Magistrum
1530 5330 1618 5375 suum
1638 5316 1770 5376 celeriter
1796 5318 1973 5392 abnegavit.
2023 5331 2024 5340 ¹

219 5416 331 5486 silium,
354 5430 412 5476 non
432 5414 576 5474 auectam.
597 5410 738 5486 Diligebot
759 5411 838 5469 enim
857 5409 990 5479 dulciter,
1009 5424 1069 5470 non
1111 5407 1168 5470 Sed
1189 5422 1256 5467 cum
1271 5405 1346 5465 mori
1359 5419 1410 5480 pro
1429 5404 1542 5463 llbristo
1559 5402 1714 5479 disposuit,
1733 5404 1839 5465 dilexit
1853 5407 1974 5478 nimis;

222 5507 317 5562 umen
331 5503 490 5577 sapienter;
501 5499 646 5575 quomodo
655 5498 734 5557 enim
747 5497 1069 5573 sapienter,quimundi
1110 5498 1181 5575 quia
1195 5521 1209 5547 a
1226 5495 1367 5570 majorem
1382 5494 1436 5553 hac
1458 5492 1641 5553 dilectionem
1663 5506 1750 5553 nemo
1764 5493 1857 5565 babet,
1876 5510 1977 5571 quarn

217 5589 448 5663 redemptionem
463 5596 493 5649 et
510 5588 562 5650 liei
578 5586 788 5661 providentiam
807 5586 953 5649 nitebatur
969 5586 1070 5648 exclu-
1111 5593 1145 5648 ut
1157 5570 1287 5658 ιεῖωεω
1300 5598 1386 5645 suam
1399 5587 1485 5657 ponat
1496 5580 1564 5656 quis
1575 5581 1742 5654 pmamfcis
1754 5582 1817 5643 suis
1828 5582 1975 5656 (lbra).-
