4100 6209
174 206 243 297 icor
382 298 384 300 ,
405 234 435 294 ε.
455 231 569 295 rsrrn
585 232 747 295 nemim
766 212 846 294 cir.
866 232 964 294 runs
984 230 1055 293 sno·
1074 225 1200 294 acuns
1219 233 1258 294 n.
1278 266 1310 281 -
1331 231 1559 295 smenonnu
1577 234 1691 296 nnn.
1855 241 1921 305 roos

171 361 296 423 metrice
308 361 488 437 praescissam
501 378 541 424 ex
553 362 630 422 beati
645 361 702 422 riri
717 361 812 423 cilicio
825 362 915 436 misit,
931 365 960 420 et
973 360 1066 422 subd
1367 359 1490 420 CAPUT
1506 359 1624 421 lxxii.

170 448 254 509 altari
292 450 450 511 honorilice
485 452 602 510 recondi
637 453 783 527 precepit.
812 450 906 521 Quam
930 457 1029 509 temen
1107 451 1147 506 be
1170 465 1279 523 corpore
1304 449 1452 508 domnaldo·
1475 465 1542 508 seno
1568 456 1634 523 port
1663 455 1880 525 qrnnqnennr'rcn

169 539 290 615 gerulus
304 539 359 601 sub
371 539 466 613 altari,
482 540 556 601 sicin
575 540 678 615 jussus
701 542 806 614 luerat,
822 539 961 600 collocare
975 555 1027 600 ne·
1434 541 1554 597 incente.

170 628 271 705 plexit,
287 630 338 688 sed
356 629 475 690 missam
498 631 529 689 in
552 631 627 690 rima
646 630 763 705 parietis
780 630 895 690 incaute
920 627 1027 687 dereli-
1105 629 1172 689 Post
1190 627 1424 704 quinquennium
1447 643 1514 688 sero
1532 644 1550 687 a
1567 627 1659 688 sancti
1674 629 1731 689 riri
1749 630 1840 703 obitu,
1858 633 1921 694 data

170 720 243 796 quii.
260 720 380 781 Factum
397 728 441 781 est
460 727 557 796 postea
575 729 609 781 ut
630 721 828 781 daemoniacus
848 720 970 796 quidam
990 717 1026 778 ad
1068 718 1219 778 monacbis
1230 718 1267 777 ab
1281 718 1435 792 apostolica
1454 717 1521 776 sede
1534 717 1662 789 licentia,
1678 726 1710 778 ut
1726 733 1817 794 supra
1834 736 1921 783 rane·

167 808 336 882 predictam
360 808 516 869 duceretur
544 809 706 870 ecclesiam.
727 807 860 884 Cumque
879 814 976 867 astans
994 807 1027 867 in
1068 806 1159 865 rabile
1178 823 1282 882 corpus
1307 806 1371 880 ejus
1389 806 1480 866 nltare
1496 813 1707 882 construerent,
1727 810 1920 884 sicquidem

167 897 275 970 medio,
297 900 357 959 hnc
381 897 509 973 illucque
535 905 633 958 rotans
654 904 748 974 capnt,
771 903 873 958 cuncta
895 895 1027 972 undique
1067 898 1155 958 frater
1177 898 1283 960 silvam
1306 899 1398 973 petiit,
1415 906 1559 974 quatenus
1581 900 1722 960 modicam
1746 916 1861 975 capsam
1879 904 1918 963 ia·

167 978 410 1061 circumspiceret,
425 986 542 1047 tandem
565 994 661 1047 torvos
677 987 778 1046 oculos
803 986 835 1045 in
855 985 953 1059 ipsum
974 1000 1026 1059 pa-
1067 993 1153 1060 cerei,
1167 1003 1234 1062 quae
1248 989 1341 1048 sancti
1365 988 1538 1048 mulesscris
1554 1004 1619 1049 csse
1639 994 1667 1049 et
1686 988 1839 1064 pulverem
1858 996 1920 1052 tan-

168 1075 270 1136 rietem
297 1073 462 1135 terribiliter
483 1075 570 1150 coepit
587 1077 717 1151 infigere,
737 1081 765 1134 et
788 1075 919 1135 intentus
943 1074 1025 1147 illuc,
1069 1076 1218 1137 tnmmodc
1242 1093 1344 1153 capere
1371 1076 1519 1152 potuisset.
1548 1077 1637 1138 Nocte
1663 1078 1754 1154 igitur
1782 1080 1919 1154 insecus,

168 1160 221 1224 ubi
242 1165 333 1224 sancti
352 1164 439 1224 cilicii
460 1165 572 1240 lacebat
593 1166 742 1240 particula,
764 1163 874 1224 crebris
892 1177 1026 1224 nonces-
1068 1165 1224 1226 dormienti
1245 1166 1362 1226 cuidam
1383 1166 1467 1225 fratri
1492 1167 1667 1226 venerabilis
1688 1166 1812 1242 qnidam
1835 1184 1920 1229 senex

167 1252 250 1313 sabat
277 1253 396 1313 vocibus
422 1253 616 1313 exclamare:
642 1253 695 1313 Ille
723 1270 769 1312 me
793 1252 884 1328 ejicit,
906 1251 957 1311 ille
979 1267 1027 1311 me
1068 1253 1210 1329 apparuit,
1228 1271 1317 1330 quem
1338 1254 1473 1329 protinus
1498 1254 1690 1330 interrogans,
1707 1256 1749 1315 ait
1775 1276 1783 1315 r
1809 1257 1865 1318 Ubi
1882 1264 1922 1318 est

167 1341 261 1420 ejicit3
279 1344 358 1403 etita
371 1343 511 1414 clamans,
535 1344 669 1419 protinus
690 1344 726 1403 ab
748 1359 783 1403 eo
806 1342 949 1419 expulsus
971 1348 1024 1402 est.
1068 1342 1159 1417 hujus
1174 1344 1341 1404 monasterii
1359 1342 1460 1418 priori
1474 1343 1557 1415 Quod
1575 1358 1643 1403 cum
1662 1343 1713 1405 ille
1725 1360 1757 1405 se
1779 1347 1853 1409 scire
1871 1366 1921 1412 rre-

166 1428 244 1495 Hlnc
265 1448 333 1508 ergo
349 1435 414 1507 jure
438 1434 636 1509 perpenditur,
661 1433 735 1509 quid
760 1450 810 1507 per
838 1433 1027 1507 semetipsum
1069 1437 1159 1505 garet,
1173 1431 1254 1492 illico
1276 1447 1368 1492 senex
1390 1431 1502 1491 addidit
1516 1451 1523 1491 ι
1539 1432 1594 1492 Pro
1616 1431 1792 1508 fabricanda,
1817 1438 1922 1514 inquit,

168 1520 247 1595 apud
264 1521 395 1581 divinam
406 1522 590 1581 clementiam
605 1522 758 1596 impetrare
772 1537 831 1581 non
847 1521 946 1595 possit,
960 1525 1028 1579 ante
1068 1534 1153 1593 capsa
1165 1519 1208 1578 ire
1227 1519 1258 1578 in
1278 1519 1382 1578 silvanr
1397 1520 1517 1589 studuit,
1538 1521 1588 1579 sed
1607 1519 1683 1580 beati
1697 1522 1754 1582 viri
1773 1539 1879 1600 corpus
1892 1528 1921 1588 in

100 1677 102 1680 y
168 1610 253 1684 cnjns
282 1607 483 1670 brevissimam
516 1610 682 1670 vestimenti
710 1610 882 1684 particulam
911 1609 1028 1668 daemm
1069 1615 1128 1669 tam
1145 1608 1287 1684 exignum
1303 1610 1455 1670 vasculum
1479 1610 1678 1670 nonintrubii.
1700 1612 1816 1675 Postera
1835 1616 1921 1691 igitru

168 1701 244 1756 stare
266 1712 325 1756 nnn
349 1698 455 1772 potnit;
471 1703 500 1757 ct
523 1699 574 1774 qui
597 1699 666 1758 talia
682 1699 787 1759 absens
808 1698 937 1769 exbibet,
954 1697 1116 1778 quidBdis
1139 1697 1228 1772 prior,
1257 1699 1414 1773 composita
1440 1714 1537 1772 capsa,
1566 1698 1730 1772 revertitur,
1755 1708 1786 1760 et
1812 1720 1922 1766 mosa

167 1800 220 1860 per
232 1784 359 1861 corporis
372 1786 556 1859 praesentiam
571 1802 629 1846 non
645 1786 784 1847 exercet?
1067 1788 1165 1858 tratre,
1192 1787 1244 1860 qni
1265 1787 1408 1846 visionem
1432 1787 1553 1859 viderat,
1575 1802 1642 1860 quae
1663 1786 1748 1848 illum
1776 1805 1863 1851 caum
1887 1794 1923 1853 ad

466 1894 588 1956 CAPUT
603 1895 706 1955 LXXI,
1067 1875 1170 1935 silvam
1202 1874 1363 1948 invitasset,
1382 1875 1552 1950 inquiritur.
1580 1876 1662 1947 Quod
1684 1893 1751 1939 cum
1771 1878 1823 1939 ille
1846 1880 1923 1941 velut

206 1990 247 2044 fl,
259 1988 362 2053 ,qm
376 1988 426 2058 an'
436 2003 548 2045 ,mm
561 1988 667 2059 rapui„
683 1990 709 2042 ,p
720 1987 816 2041 ,papam
829 1987 981 2043 ,wrm
1066 1963 1165 2025 lebcre
1180 1964 1311 2061 defessus
1328 1962 1424 2023 dicere
1442 1964 1593 2035 noluisset,
1612 1964 1693 2025 illico
1710 1967 1812 2041 irater,
1832 1976 1862 2029 ei
1877 1971 1923 2031 sni

569 2063 618 2114 est.
1067 2067 1185 2112 causam
1206 2051 1319 2111 itineris
1342 2051 1449 2124 retulit,
1468 2059 1496 2111 et
1517 2053 1595 2128 quod
1612 2055 1673 2128 ipse
1695 2055 1818 2131 rideret,
1834 2075 1921 2134 expo-

203 2126 272 2207 Alio
303 2161 420 2223 quoqne
457 2154 582 2222 tempore
612 2144 682 2220 (332)
710 2143 874 2205 castaldius
905 2143 1025 2220 quidam
1067 2131 1164 2199 nendo
1172 2154 1222 2214 per
1234 2138 1366 2197 ordinem
1377 2153 1435 2199 ncn
1445 2137 1559 2200 celarit.
1569 2141 1687 2202 belosso
1695 2141 1788 2216 igitur
1798 2146 1923 2217 iumnlo,

169 2222 352 2311 paupercule
375 2234 493 2295 mulieri
524 2249 640 2293 vaccam
673 2232 813 2291 violenter
839 2232 967 2303 abstulit,
998 2240 1027 2291 et
1066 2228 1108 2287 ita
1130 2226 1341 2303 propemodum
1364 2232 1457 2286 icium
1486 2229 1578 2287 sancti
1601 2229 1658 2289 viri
1686 2244 1794 2305 corpus
1820 2246 1925 2293 serrum
2012 2228 2013 2301 ἕ

168 2338 234 2383 eam
259 2324 463 2383 vociferantem
486 2322 646 2398 multisque
668 2321 803 2396 precibus
827 2321 1026 2381 obsecrantem
1066 2315 1272 2390 illibatumque
1290 2314 1448 2391 reperiunt,
1469 2316 1550 2377 velut
1575 2324 1644 2378 tnnc
1666 2319 1771 2393 luerat,
1790 2335 1862 2381 cnm
1884 2338 1926 2382 se
2012 2322 2013 2333 ¹

168 2409 271 2472 audire
295 2410 475 2485 contempsit.
504 2410 558 2470 Illa
587 2410 720 2485 protinus
751 2425 917 2482 accurrens,
951 2408 1024 2469 duos
1067 2405 1195 2478 pultnrae
1221 2404 1296 2466 illud
1320 2404 1455 2479 primitus
1484 2406 1673 2477 tradiderunt,
1703 2414 1825 2484 excepto
1849 2410 1925 2485 quod
2012 2410 2013 2413 ’

167 2498 344 2576 gallinarum
360 2500 457 2576 pullos
475 2500 511 2561 ad
530 2500 679 2560 ecclesiam
698 2516 786 2575 qnam
805 2515 893 2574 supra
912 2515 1022 2560 memo·
1067 2494 1161 2560 tenuis
1180 2496 1315 2569 quasdam
1334 2494 1461 2554 mucoris
1484 2495 1592 2570 lanugo
1612 2495 1644 2555 in
1665 2495 1843 2571 quibusdam
1864 2497 1926 2574 ejus

167 2589 308 2661 ravimus,
324 2589 439 2664 detulit,
451 2594 480 2648 et
493 2605 542 2649 cos
556 2605 654 2650 secum
671 2595 738 2649 anic
755 2588 848 2667 altare
858 2589 1022 2664 projiciens,
1066 2586 1205 2646 membris
1219 2584 1382 2647 excrevisse
1394 2584 1558 2646 videbatur,
1575 2583 1689 2661 Rejscta
1704 2585 1794 2661 igitur
1811 2589 1926 2651 modica

167 2677 336 2753 huiusmodi
361 2678 456 2738 serbis
480 2677 606 2737 clamare
625 2676 762 2737 ilebiliter
781 2677 870 2753 coepit
895 2703 901 2736 :
930 2678 1022 2738 Hem!
1066 2691 1150 2751 capse
1173 2673 1561 2751 quotacutuerat‚illicc
1584 2681 1760 2749 nesapium
1785 2677 1823 2737 ad
1843 2693 1925 2739 men·

169 2763 199 2824 S.
226 2763 398 2837 Romualde,
425 2765 533 2825 exandi
554 2765 700 2836 miseram,
722 2781 760 2826 ne
781 2766 922 2840 despicias
944 2769 1024 2827 deso
1064 2779 1165 2824 suram
1181 2763 1256 2823 beati
1276 2763 1403 2839 corporis
1419 2767 1595 2838 preparant,
1610 2770 1640 2823 et
1658 2762 1689 2823 in
1710 2779 1744 2824 eo
1756 2772 1925 2827 sanctarum

166 2851 266 2928 letam
290 2862 318 2913 et
338 2852 425 2914 redde
451 2853 525 2913 milri
545 2853 778 2928 gubernatricem
799 2870 894 2915 meam
915 2855 1023 2932 injuste
1064 2852 1256 2929 reliquiarum
1281 2851 1440 2928 patrocinia
1464 2851 1662 2926 recondentes,
1683 2853 1809 2929 desuper
1837 2855 1926 2917 altare

167 2939 242 3000 483
264 2943 416 3004 sublatam.
440 2942 514 3003 llira
532 2947 594 3003 resi
621 2942 678 3003 Vin
700 2945 796 3004 adhuc
817 2943 935 3006 villicus
952 2963 1020 3007 cum
1064 2945 1232 3004 solemniter
1254 2950 1433 3004 consecrant.
1450 2941 1527 3004 Obiit
1549 2949 1647 3003 aulem
1670 2943 1715 3002 vir
1737 2943 1926 3005 beatissimus

167 3031 230 3106 ipsa
251 3029 352 3106 rapina
366 3032 469 3106 (dille
490 3032 576 3092 dcnro
600 3031 733 3092 mulieris
757 3033 876 3108 abierat,
895 3044 924 3095 et
948 3052 1020 3096 con·
1067 3032 1925 3109 RomualdusdecimoterdoKalendarumtuiiarumidlli

167 3117 419 3191 tinuoemissinne
434 3119 545 3193 sagittae
562 3134 727 3193 percussus,
743 3135 858 3182 vaccam
876 3124 908 3184 in
921 3124 1022 3185 eodem
1069 3133 1207 3200 regnante
1219 3124 1342 3185 Domino
1355 3129 1453 3184 nostro
1466 3124 1536 3185 iesu
1548 3122 1672 3195 Christo,
1687 3123 1738 3199 qni
1752 3140 1821 3184 cnm
1842 3124 1927 3185 Patra

167 3206 231 3268 loco
251 3207 371 3281 dimisit,
397 3205 503 3270 deinde
529 3210 651 3269 domum
674 3211 858 3286 perveniens,
890 3214 1023 3288 protinus
1065 3223 1094 3276 et
1125 3214 1235 3289 Spiritu
1271 3220 1370 3275 sancto
1407 3215 1535 3275 visitet
1562 3215 1705 3290 gloriatur
1731 3231 1782 3290 per
1806 3216 1924 3276 inlicita
2012 3232 2013 3271 i

166 3293 321 3373 expiravit·
1065 3305 1172 3366 secula
1189 3304 1373 3367 mulorum.
1388 3307 1495 3366 Amen.

196 3439 268 3505 (itt)
300 3440 357 3495 iicc
388 3444 499 3497 nom'ne
531 3456 547 3498 a
583 3445 769 3510 longobardis
802 3446 940 3509 siliarum,
975 3461 1025 3502 seo
1099 3452 1167 3511 itali
1199 3449 1253 3504 linc
1282 3450 1326 3504 die
1355 3453 1382 3504 ln
1416 3450 1612 3505 camaldulensi
1647 3453 1866 3517 congregatione
1900 3454 1929 3506 et
2012 3424 2013 3471 ¹

165 3512 331 3577 prandiorum
354 3513 398 3567 rel
422 3513 547 3567 locorum
577 3517 704 3571 custodes
734 3523 762 3571 et
788 3518 1026 3574 administratores
1066 3522 1209 3575 nonnullis
1225 3523 1307 3575 etiam
1322 3524 1352 3574 in
1372 3524 1439 3576 iocis
1456 3523 1512 3575 diri
1540 3521 1677 3576 Romusldi
1707 3523 1843 3576 testivites
1870 3524 1926 3588 rel
2012 3522 2013 3585 l

165 3581 387 3647 appeiisbeniur3
406 3587 461 3637 inc
477 3590 505 3638 et
525 3599 579 3639 non
596 3600 658 3640 raro
673 3589 723 3653 ipsi
740 3594 900 3650 castrorum,
919 3591 1028 3644 urbium
1068 3597 1133 3654 iur;
1160 3606 1254 3647 rernm
1278 3596 1311 3646 ab
1331 3594 1482 3647 universali
1510 3594 1631 3648 Ecclesia
1650 3598 1765 3659 septimo
1790 3594 1930 3650 tsbrnsrtl
2012 3602 2013 3631 ι

165 3656 193 3706 et
202 3652 317 3717 alicuius
328 3655 407 3708 etism
416 3656 564 3721 provinciae
573 3657 785 3724 proiecimbpe
794 3656 908 3713 dicerer.
921 3660 1024 3726 Caspii.
1067 3663 1114 3717 die
1138 3666 1194 3729 :qui
1221 3665 1406 3719 irarrslaiionls
1434 3668 1476 3718 est
1502 3666 1673 3730 corporis&
1704 3667 1858 3727 Romualdlr
1888 3679 1931 3720 ce·
2012 3678 2013 3681 ’

191 3724 261 3789 (333)
288 3724 316 3777 ln
349 3726 472 3779 vaticano
508 3727 604 3782 codice
641 3731 681 3781 sic
708 3730 808 3795 iegitur
834 3752 841 3781 ι
871 3730 939 3782 Com
966 3731 1027 3795 ipsa
1067 3733 1198 3796 lebrainr‚
1217 3747 1278 3787 cum
1297 3736 1338 3788 ss.
1357 3737 1478 3790 (terrarii
1504 3740 1531 3790 et
1559 3735 1667 3790 trotarii
1695 3737 1784 3793 cilicio
1809 3737 1873 3793 dies
1900 3735 1931 3788 li
2012 3760 2013 3771 ι

165 3797 268 3878 resins
283 3796 426 3850 rmirrr'cns
446 3798 552 3860 capitia
574 3812 592 3851 n
612 3799 689 3854 dente
712 3802 837 3855 metieris
863 3800 981 3866 obierat,
1000 3805 1025 3856 et
1065 3805 1135 3871 iunii
1151 3806 1339 3872 sitimpedltr.
2012 3782 2013 3829 ¹

165 3870 452 3934 mansurumve,
469 3881 588 3931 bomem,
603 3876 656 3925 etc.

168 4044 1917 4079 Qua—uum·

578 4207 749 4335 vrri
809 4210 1075 4343 sinon
1136 4211 1517 4344 conusens
1653 4260 1656 4267 ‚

858 4435 1025 4499 EPISCOPI
1052 4436 1234 4499 EUCUBINI

1033 4612 1068 4653 tir

656 4765 703 4879 S.
748 4764 1070 4882 bodiniel
1110 4764 1442 4884 contulit.
1513 4848 1517 4855 »

484 4979 585 5061 (Anno
600 4978 709 5046 Christi
728 4983 812 5059 1053,
837 4983 877 5047 26
897 4981 992 5047 lunii.
1017 5017 1058 5030 -
1078 4982 1166 5046 rinno
1181 4981 1293 5051 Christi
1312 4981 1400 5062 icta,
1419 4982 1431 5045 i
1453 4980 1621 5067 Octobris)

866 5153 948 5220 Corn
968 5154 1133 5233 anonymi
1154 5156 1248 5219 notis.

950 5329 1148 5349 m

176 5452 400 5531 Anedumdri
422 5498 459 5515 -
481 5456 681 5538 Praeceperct
700 5457 729 5521 ei
751 5455 938 5523 Alexander
961 5465 1054 5540 pont.
1077 5477 1172 5523 nece.
1188 5466 1226 5523 nt
1246 5459 1307 5523 ridi
1326 5454 1545 5551 praescriberet
1562 5454 1738 5553 quidpiqm
1764 5452 1932 5521 materie

219 5537 371 5619 dipnurre
395 5545 425 5600 et
454 5537 696 5619 quodpropter
722 5537 897 5602 utilitatem
927 5539 964 5602 in
995 5538 1136 5621 publicis
1165 5545 1391 5605 monumentor
1421 5538 1497 5603 484
1529 5552 1698 5602 asseruere
1733 5542 1932 5601 mereretur.
2012 5626 2013 5641 χ
