4100 6209
166 173 219 236 721
938 175 1064 240 sanim
1081 180 1160 244 xu1.
1867 183 1922 247 m

165 297 1018 377 frequentiusludunt,ubipriuaepsllleuequissimusomni
1029 305 1122 364 Aaou
1137 309 1259 375 tantum,
1273 312 1417 379 quantum
1431 307 1594 367 confractas.
1616 306 1729 367 Crebris
1747 309 1827 370 enlm
1846 315 1917 370 tuu-

163 388 532 465 fortitudineprineipatur.
543 388 803 454 Desertumautem
813 393 1021 471 dieitur,quasi
1063 394 1195 456 sionibus
1210 396 1382 471 supertritae,
1398 396 1582 458 remotiorem
1596 398 1682 457 etiam
1701 397 1798 458 locum
1816 398 1913 460 odori·

164 480 334 544 derelictum
355 492 373 536 a
391 474 532 538 virtutum
554 479 813 554 administratione,
836 498 904 543 cum
920 499 1019 545 earum
1063 486 1123 545 iera
1136 487 1339 561 conspersione
1359 488 1531 549 refundunt.
1551 488 1599 548 Sic
1620 495 1647 548 et
1667 489 1789 549 virtutes
1802 490 1833 550 in
1848 507 1917 567 pace

163 575 335 643 conventus,
346 565 683 645 abuudantelniquiute,
694 572 731 631 ad
742 571 872 646 proprios
886 579 967 632 ortus
978 588 1022 633 re·
1061 576 1179 651 quidem
1197 576 1307 634 fortiter
1320 577 1458 647 redolent,
1473 578 1524 638 scd
1545 577 1647 637 lortius
1666 579 1697 636 iu
1718 578 1917 649 tribulatione,

162 661 314 722 volaverit.
329 657 402 719 205
415 656 488 729 Quae
501 660 640 730 ascendit,
656 661 759 736 inquit.
772 660 806 720 lu
819 661 908 736 hujus
918 664 1019 724 saculi
1061 663 1130 738 quia
1150 665 1241 722 virtus
1255 664 1286 722 iu
1301 679 1369 738 pace
1388 664 1558 740 acquiritur,
1577 665 1606 726 iu
1630 666 1828 740 persecutione
1849 682 1914 743 pru·

164 747 307 810 vanitates
327 764 430 809 omues
453 748 497 808 vel
520 748 694 808 descendero
718 747 764 807 vel
788 750 889 809 cadere
912 765 1017 826 coguo-
1061 751 1155 823 batur,
1172 750 1345 826 approbatur
1360 751 1390 810 in
1411 753 1540 812 victoria.
1562 753 1723 813 Universos
1736 769 1803 829 crgo
1819 757 1915 831 pulvis

164 843 297 907 asuntur,
314 853 454 912 rarusque
468 836 520 911 qui
539 851 599 896 nou
623 838 668 896 vel
691 837 846 898 descendat
868 839 913 898 vel
937 840 1018 900 cadat
1059 841 1269 916 pigmentarius
1283 841 1314 899 io
1331 841 1451 916 Virgine
1466 845 1612 917 conjectus
1630 851 1683 917 est,
1704 841 1776 901 206
1794 845 1863 918 quia
1882 845 1911 903 iu

162 924 310 1000 inhujus
339 925 597 986 turbulentissimae
625 927 828 1000 profunditatis
865 945 1015 992 oceanum.
1059 945 1093 987 ea
1112 930 1254 989 virtutum
1272 938 1433 990 convontus
1455 932 1646 990 reverendum
1671 932 1726 991 sibi
1752 932 1913 992 thalamum

164 1012 232 1074 Sola
252 1013 305 1074 illa
322 1022 415 1076 mater
434 1021 462 1074 et
480 1014 540 1073 iilia
556 1014 699 1075 Crantoris
717 1032 770 1077 uec
792 1018 939 1078 descendit
964 1037 1017 1081 nec
1058 1017 1246 1088 consecravit,
1269 1025 1297 1077 et
1316 1019 1340 1076 si
1358 1020 1469 1078 ceteris
1486 1035 1536 1094 per
1557 1030 1652 1093 partes
1668 1019 1792 1097 Spiritus
1812 1020 1914 1092 adluit,

161 1101 275 1172 cecidit,
295 1101 345 1162 sed
367 1103 403 1162 de
428 1100 535 1160 virtute
556 1101 584 1160 iu
608 1101 743 1161 virtutem
763 1105 922 1165 ascendens
946 1122 1016 1166 con·
1059 1105 1159 1164 Mariae
1173 1114 1268 1165 tamen
1288 1114 1344 1167 tota
1366 1109 1514 1183 plenitudo
1534 1109 1635 1184 gratiae
1659 1110 1834 1183 supervenit.
1857 1109 1916 1168 Nec

161 1191 357 1252 summatiooe
381 1191 523 1249 virtutum
555 1191 657 1250 vestita
682 1200 733 1251 est.
764 1192 892 1263 Qualiter
918 1204 1016 1257 autem
1059 1194 1181 1268 integras
1199 1194 1360 1255 fueruntin
1380 1213 1413 1255 aa
1431 1198 1549 1272 spoeies,
1570 1196 1618 1255 sed
1640 1198 1671 1255 iu
1689 1197 1914 1258 subtilissimum

158 1275 311 1338 ascendit?
334 1277 409 1337 sicut
431 1278 554 1351 virgula,
579 1278 685 1355 inquit,
711 1280 794 1341 lumi.
821 1280 924 1342 Sedet
954 1286 1016 1347 heac
1058 1284 1258 1354 comminuta,
1283 1284 1352 1357 quia
1374 1285 1435 1358 ipsa
1454 1291 1495 1344 est
1512 1302 1588 1363 quae,
1607 1287 1773 1346 fortioribus
1792 1287 1914 1347 tribula-

159 1367 288 1442 operatio
311 1382 400 1443 quam
423 1366 600 1441 significanti
627 1366 819 1428 similitudine
839 1369 877 1428 sit
892 1370 1014 1447 signata,
1059 1371 1171 1431 tionum
1184 1371 1296 1430 malleis
1310 1388 1505 1447 supergressa,
1519 1373 1592 1448 pidit
1603 1390 1691 1433 suum
1702 1380 1729 1433 et
1740 1375 1791 1433 Dei
1806 1373 1914 1434 Filium

160 1455 304 1530 recollige.
323 1454 443 1528 Virgula
458 1454 535 1515 lumi
547 1461 622 1514 recta
640 1463 692 1527 est,
712 1455 839 1528 subtilis,
860 1458 1014 1535 odorifera,
1056 1457 1134 1532 adigi
1149 1460 1237 1530 cruci,
1261 1458 1378 1518 militari
1402 1459 1499 1519 lancea
1518 1461 1678 1533 vulnerari,
1700 1470 1727 1520 et
1746 1463 1822 1521 iuter
1839 1463 1914 1521 duos

160 1553 188 1606 et
210 1554 319 1623 quanto
341 1546 434 1621 magis
452 1546 484 1603 iu
505 1562 571 1608 aera
596 1545 772 1619 extenditur,
791 1555 870 1608 tanto
889 1551 1015 1627 amplius
1057 1546 1184 1607 latrones
1199 1548 1325 1623 positum
1339 1550 1472 1623 expirare
1487 1551 1575 1621 (loon.
1590 1553 1666 1622 xlx).

159 1635 307 1695 dilatatur.
324 1634 371 1696 Sic
383 1642 412 1694 et
424 1635 593 1710 angelorum
614 1635 713 1711 regina
728 1645 804 1714 recta
818 1645 862 1698 cst
873 1641 904 1699 iu
921 1641 1050 1721 subii-B
1096 1635 1236 1712 Sequitur
1252 1636 1288 1695 de
1306 1636 1369 1711 eius
1388 1638 1595 1712 ⁴assumptione
1607 1658 1613 1698 :
1624 1639 1696 1710 Quae
1711 1640 1831 1712 estista,
1847 1655 1914 1714 quae

161 1725 260 1783 mirate
282 1724 519 1796 conversationis,
545 1725 614 1800 quia
632 1725 715 1799 virga
735 1726 911 1802 directionis,
938 1733 1019 1808 virga
1058 1725 1187 1785 ascendit
1205 1725 1241 1785 de
1260 1727 1381 1798 deserto,
1401 1726 1513 1788 deliciis
1532 1728 1663 1801 affluens,
1692 1729 1796 1789 inuisa
1829 1745 1916 1804 super

161 1813 242 1888 regni
259 1812 377 1876 Domini
402 1816 486 1884 (Prot,
509 1819 601 1884 mv),
628 1813 749 1874 Subtilis
766 1816 797 1873 ln
814 1815 928 1878 deitatis
948 1836 1018 1880 con·
1058 1812 1197 1875 dilectum
1211 1817 1321 1874 suum?
1335 1815 1404 1874 Haec
1418 1823 1461 1874 ost
1477 1817 1576 1891 regina
1594 1817 1656 1889 illa,
1675 1834 1765 1893 quam
1783 1818 1914 1877 videntes

161 1904 358 1979 temptatione,
376 1904 446 1978 quia
467 1904 530 1978 ipsa
556 1910 599 1963 est
616 1919 683 1981 quas
709 1905 896 1967 conservabat
919 1912 1018 1972 omnia
1057 1905 1126 1964 illisa
1146 1903 1228 1977 Sion,
1253 1925 1264 1956 ι
1285 1905 1478 1966 beatissimam
1497 1907 1738 1982 praedicaverunt,
1759 1914 1788 1967 et
1804 1907 1912 1984 reginae

160 1993 248 2054 rerba
261 1994 335 2066 baec,
355 1993 506 2053 conferens
520 1992 552 2051 iu
566 1991 652 2052 corde
670 2009 724 2053 suo
742 1996 820 2065 (Lae.
841 2000 883 2065 11).
913 1995 1017 2059 Odori-
1058 1992 1250 2053 laudaverunt
1262 2009 1325 2052 eam
1341 1997 1430 2063 (dont.
1447 2001 1528 2065 vn.»
1553 1995 1690 2054 Ascendit
1709 2000 1806 2055 autem
1826 1997 1912 2056 hodie

159 2081 218 2142 fera
231 2084 264 2141 in
283 2083 425 2142 virtutum
438 2081 586 2156 opinione,
608 2081 677 2156 quia
694 2082 841 2141 currimus
854 2083 884 2142 iu
899 2085 1016 2145 odorem
1056 2081 1092 2141 de
1104 2084 1228 2155 deserto,
1244 2084 1328 2143 idest
1346 2084 1382 2143 de
1401 2086 1521 2156 mundo,
1538 2086 1574 2145 ad
1590 2085 1696 2159 regalis
1710 2086 1807 2145 throni
1823 2087 1911 2146 celsi·

157 2178 375 2245 unguentorum
387 2185 508 2231 suorum
521 2172 612 2238 (Cant.
627 2175 658 2240 t).
671 2170 804 2244 Angusta
822 2171 852 2230 in
870 2177 1014 2247 tempora·
1056 2170 1187 2231 tudinem
1210 2172 1376 2233 sublimata.
1400 2172 1527 2246 Deliciis,
1553 2173 1659 2247 iuquit,
1681 2172 1813 2234 affluens.
1839 2172 1912 2234 Vere

158 2260 247 2332 libus,
261 2262 403 2336 quianon
418 2268 478 2320 erat
496 2261 523 2319 ei
543 2259 624 2319 locus
646 2261 677 2319 iu
695 2258 856 2321 diversorio
875 2263 949 2336 (Lae.
971 2267 1014 2338 11).
1054 2258 1189 2331 affluens,
1204 2260 1274 2332 outa
1289 2281 1303 2313 e
1318 2259 1420 2319 multae
1433 2260 1503 2319 llliae
1515 2267 1767 2335 congregaverunt
1781 2261 1909 2334 divitias,

156 2349 191 2412 lu
204 2348 406 2424 spiritualibus
424 2348 551 2418 dilatata,
566 2348 635 2425 quia
653 2349 744 2408 astitit
759 2349 859 2424 regina
872 2367 890 2410 a
904 2350 1015 2412 dextris
1054 2349 1118 2408 haec
1129 2364 1313 2422 supergressa
1326 2354 1367 2407 cst
1382 2348 1535 2408 universas
1545 2351 1633 2420 (Proh.
1649 2353 1746 2424 xxix).
1760 2374 1773 2401 u
1792 2348 1913 2410 Delicia-

156 2439 273 2500 [lomiui
293 2442 379 2509 (Psoi.
404 2443 497 2508 xliv).
520 2437 592 2496 Haee
610 2443 653 2497 est
667 2437 749 2512 virga
765 2437 815 2498 illa
837 2455 894 2515 qua
911 2446 1013 2499 retun-
1053 2454 1120 2497 rum
1137 2443 1235 2497 autem
1249 2437 1313 2512 ejus
1327 2452 1386 2495 nou
1402 2443 1445 2495 est
1460 2452 1609 2510 numerus,
1627 2439 1706 2514 quia,
1721 2439 1793 2497 dum
1817 2437 1911 2513 Spiri-

154 2529 267 2594 duutur
286 2528 413 2604 impetus
435 2527 652 2586 adversantium
677 2526 890 2588 daemoniorum
908 2530 1014 2606 :virga
1054 2531 1116 2586 tum
1136 2533 1269 2585 sanetum
1287 2524 1418 2598 suscipit,
1438 2524 1563 2599 concipit
1585 2524 1636 2585 Dei
1660 2525 1779 2597 filium,
1800 2526 1910 2600 Regem

153 2618 262 2689 darom
286 2632 336 2691 per
353 2631 443 2691 quam
461 2616 538 2675 flunt
553 2615 635 2689 signa
650 2621 679 2674 et
693 2614 848 2675 mirabilia.
868 2617 1009 2679 Baculum
1052 2615 1153 2688 gloriae
1168 2620 1296 2690 generat,
1316 2619 1446 2688 penetrat
1463 2612 1561 2685 caelos,
1576 2612 1725 2673 cumulata
1738 2613 1860 2685 divitiis,
1883 2621 1912 2674 et

151 2712 250 2766 autem
279 2704 373 2764 crucis
393 2702 532 2779 intellige,
554 2719 612 2781 quo
639 2718 698 2764 uon
724 2703 819 2764 solum
844 2705 1012 2767 verberatus
1052 2704 1165 2765 deliciis
1175 2703 1297 2763 affluens
1309 2703 1344 2762 ad
1356 2719 1477 2778 regnum
1491 2702 1908 2777 erolatsempiteruumsuum.

151 2803 206 2867 est,
220 2796 271 2857 sed
283 2794 435 2857 etoccisus
448 2794 498 2856 ille
511 2794 683 2855 insanabilis
702 2798 734 2869 [s.
757 2795 938 2873 insatiabilis]
956 2798 1011 2857 ho·
1052 2791 1158 2852 Ianira
1176 2808 1264 2868 super
1281 2790 1419 2852 dilectum
1441 2806 1540 2851 suum.
1561 2790 1625 2851 Rex
1645 2791 1787 2851 virtutum
1811 2791 1909 2851 dilecti

151 2883 268 2952 micida,
282 2885 335 2959 qui
350 2882 492 2945 mortibus
506 2881 660 2944 bominum
675 2882 803 2958 pascitur
820 2892 849 2941 et
869 2886 1008 2944 nutritur.
1051 2880 1194 2954 Paterest,
1204 2879 1366 2956 inquesibi
1379 2879 1452 2938 bene
1462 2877 1635 2952 complacuit
1646 2881 1808 2951 (uertunt,
1819 2883 1905 2950 xvir).

150 2971 186 3032 Iu
200 2972 320 3046 Virgine
333 2972 413 3045 virga
431 2977 460 3030 et
478 2970 581 3030 baculo
596 2986 681 3030 cruce
703 2971 875 3032 miserorum
899 2988 963 3048 spes
981 2979 1042 3078 etc
1053 2968 1148 3043 Super
1165 2969 1246 3028 hunc
1265 2968 1403 3027 inuititur
1418 2967 1509 3026 Mater
1525 2966 1577 3026 illa
1590 2966 1711 3035 felicior,
1731 2974 1760 3026 et
1772 2967 1804 3026 iu
1819 2983 1908 3027 aureo

149 3060 306 3122 consolatio
317 3061 490 3120 continetur.
512 3059 593 3121 Sicut
611 3058 747 3121 sublimis
766 3060 907 3135 Propheta
930 3061 1007 3120 clara
1051 3057 1235 3118 reclinatorio
1272 3056 1382 3117 divinas
1424 3055 1581 3132 majestatis
1613 3055 1797 3128 incumbens,
1831 3056 1908 3115 intra

149 3164 221 3210 voce
238 3148 364 3210 declarat
379 3170 385 3209 :
399 3170 413 3203 o
425 3150 522 3225 Virga,
543 3149 647 3224 iuquit,
669 3155 728 3222 tua,
748 3157 776 3209 et
796 3149 919 3210 baculus
937 3157 1006 3210 tuus
1050 3148 1161 3222 spousi,
1182 3147 1241 3206 imo
1260 3146 1335 3208 Filii
1352 3147 1409 3218 sui,
1433 3145 1551 3205 brachia
1570 3145 1733 3222 requiescit.
1757 3145 1779 3205 0
1800 3149 1908 3221 quanta
2008 3167 2015 3176 ·

148 3237 212 3312 ipse
226 3252 273 3296 me
288 3237 433 3300 consolata
447 3245 516 3298 sunt
530 3240 612 3313 (Psoi.
628 3239 716 3312 xxti).
736 3260 748 3291 a
1049 3235 1187 3309 dignitas,
1203 3250 1290 3308 quam
1311 3234 1443 3309 specialis
1454 3234 1592 3309 potentia,
1611 3233 1698 3292 inuiti
1716 3249 1803 3309 super
1821 3233 1906 3294 illum

186 3323 345 3400 Sequitur:
361 3326 404 3386 lix
416 3325 595 3386 aromatibus
608 3327 735 3402 myrrbae
748 3334 774 3386 et
790 3325 893 3385 thuris.
909 3326 1007 3387 Nomi·
1049 3340 1137 3400 quem
1152 3324 1290 3396 angelica
1306 3329 1457 3397 potestates
1467 3330 1637 3382 reverentur
1650 3324 1793 3396 aspiceret

148 3421 259 3476 uantur
272 3415 390 3492 species,
406 3415 441 3475 de
455 3414 562 3491 quibus
575 3417 731 3475 aromatica
746 3413 858 3486 virgula
873 3415 1006 3475 subleva·
1085 3414 1156 3472 llaee
1180 3420 1248 3472 sunt
1266 3429 1334 3484 ergo
1359 3428 1425 3488 quae
1444 3412 1580 3487 praesenti
1599 3411 1746 3471 festivitati
1766 3411 1821 3470 sub
1843 3427 1907 3471 um-

148 3509 209 3575 tur,
242 3504 369 3577 mprrbae
392 3511 420 3563 et
443 3503 546 3564 thuris.
572 3500 689 3578 Myrrha
718 3517 837 3577 corpora
864 3503 1005 3564 dissoluta
1049 3503 1110 3563 bris
1126 3509 1155 3562 rt
1172 3501 1350 3575 imaginibus
1367 3500 1522 3574 dignanter
1537 3498 1685 3573 alludunt,
1704 3505 1734 3558 et
1754 3499 1907 3559 sacratiore

145 3591 319 3666 consolidat,
336 3599 365 3652 et
377 3594 498 3654 cadaver
513 3591 649 3653 exanime
663 3590 720 3650 sibi
734 3591 873 3664 vindicat,
893 3608 931 3650 ne
949 3609 1004 3667 pu·
1049 3592 1176 3667 tegmine
1193 3592 1286 3650 velata
1297 3592 1450 3662 gratiosius
1461 3588 1571 3661 lucent,
1584 3605 1651 3649 cum
1666 3591 1812 3665 potuerint
1822 3606 1905 3649 reve·

144 3688 261 3746 haemi·
275 3681 356 3742 Thus
367 3690 466 3743 autem
480 3682 537 3764 Deo
552 3683 583 3744 in
596 3684 725 3744 oratione
741 3681 915 3754 accenditur,
930 3683 1006 3742 sicut
1048 3679 1113 3739 lari.
1131 3681 1236 3740 Amen.

145 3770 360 3846 multiplicibus
375 3767 589 3847 Scripturarum
605 3770 777 3831 testimoniis
786 3771 952 3830 edocemur.
969 3770 1003 3830 lu
1368 3747 1493 3810 SERbe
1503 3748 1579 3810 ffl-

144 3860 268 3934 myrrha
281 3858 500 3931 continentiam,
519 3862 548 3918 in
567 3861 651 3920 tlrure
665 3858 848 3919 devotionem
862 3857 1003 3933 intellige.
1119 3852 1139 3898 ¹·
1148 3851 1186 3899 ΒΕ
1197 3852 1221 3899 ⁸·
1234 3850 1464 3901 nantuatoumo
1473 3850 1631 3898 seosroto.
1646 3845 1831 3910 (millib)

143 3948 311 4008 cemento
326 3946 455 4022 Virginis
469 3949 611 4007 calidam
625 3955 774 4023 assumpta
789 3946 916 4006 maculas
931 3946 1005 4007 uda
1082 3950 1228 4010 Hodierna
1264 3948 1415 4018 festivitas,
1447 3946 1640 4021 dilectissimi,
1675 3964 1733 4025 qua
1769 3948 1904 4008 videlicet

143 4050 206 4096 nou
227 4034 354 4106 admisit,
377 4035 426 4094 sed
445 4035 603 4110 singularis
627 4034 813 4094 continentias
838 4035 947 4110 puritas
973 4036 1002 4094 iu
1047 4038 1234 4114 triumphalia
1255 4037 1287 4096 B.
1313 4036 1518 4096 Bartholomaei
1543 4043 1622 4109 gesta
1645 4036 1810 4110 recolimus,
1845 4052 1902 4095 non

142 4124 302 4184 madorem
315 4123 389 4184 lucis
402 4132 520 4184 aeteruae
532 4140 670 4184 conversa
684 4130 736 4184 est.
754 4121 842 4184 Porro
859 4124 926 4198 quis
938 4126 1003 4200 ejus
1045 4136 1089 4189 est
1105 4128 1220 4203 propria
1239 4126 1393 4202 cujuslibet
1410 4124 1535 4184 civitatis
1552 4131 1604 4185 aut
1627 4125 1739 4200 patriae,
1754 4126 1803 4185 sed
1822 4141 1904 4185 com-

141 4215 330 4280 devotionem
352 4216 458 4276 votivis
477 4216 613 4276 laudibus
631 4216 735 4291 poterit
752 4215 915 4290 adequare,
934 4230 1002 4275 cum
1047 4217 1146 4278 munis
1165 4222 1208 4276 est
1226 4214 1376 4275 catholicae
1396 4214 1483 4273 totius
1511 4212 1657 4273 Ecclesia.
1682 4214 1739 4273 Nec
1757 4212 1904 4274 immerito

141 4311 317 4365 rememoret
338 4304 462 4365 missum
493 4303 710 4378 archangelum,
747 4304 1000 4379 supervenientem
1045 4308 1150 4368 colitur
1167 4313 1196 4366 et
1213 4311 1371 4365 veneratur
1386 4304 1422 4362 ah
1436 4303 1584 4375 omuibus,
1604 4303 1655 4379 qui
1677 4303 1784 4363 nobilis
1807 4303 1902 4362 archi·

143 4391 302 4468 Spiritum,
317 4393 425 4455 iillum
445 4400 626 4468 conceptum,
645 4391 738 4452 Deum
757 4400 869 4465 uatum,
889 4370 1036 4453 stellamfl
1047 4403 1137 4456 tectus
1150 4412 1217 4455 cum
1233 4394 1324 4454 beatis
1338 4392 1510 4469 coapostolis
1522 4393 1586 4452 suis
1600 4393 1668 4451 fidei
1679 4391 1903 4452 fundamentum

140 4498 263 4553 nomm,
276 4500 428 4559 magorum
440 4483 573 4559 gloriam,
589 4499 744 4543 munerum
759 4485 893 4560 gratiam,
908 4491 936 4544 et
951 4501 1001 4544 su·
1045 4484 1151 4560 posuit,
1185 4499 1272 4559 super
1305 4482 1381 4556 cuod
1418 4479 1564 4540 nascentis
1593 4480 1729 4539 Ecclesiae
1757 4485 1902 4541 structura

139 4586 197 4647 per
211 4572 274 4632 baec
289 4573 388 4632 omnia
405 4570 603 4632 testimonium
626 4571 809 4630 conscientias
829 4573 911 4631 suae?
933 4571 1002 4632 ilaec
1045 4573 1183 4632 surrexit.
1199 4571 1264 4630 Huc
1277 4570 1386 4629 accedit
1399 4570 1480 4644 quia,
1499 4583 1568 4628 cum
1587 4575 1704 4627 senatus
1727 4570 1902 4642 apostolicus

140 4665 215 4722 suut
226 4660 283 4720 duo
297 4676 365 4735 puae
380 4660 553 4735 virginalem
568 4660 758 4720 substantiam
774 4667 831 4720 tota
843 4660 1003 4721 circumde·
1041 4661 1145 4736 judicii
1160 4660 1216 4720 sibi
1232 4658 1359 4718 vindicet
1373 4658 1481 4718 solium
1492 4664 1578 4732 atque
1598 4657 1674 4716 inter
1688 4669 1790 4716 omnes
1802 4658 1900 4716 beato-

138 4749 213 4808 dere
228 4750 342 4821 virtute,
362 4749 540 4810 conuueutia
552 4749 660 4808 scilicet
677 4756 705 4808 et
727 4748 853 4821 deuotio,
875 4766 1001 4822 auorum
1045 4765 1113 4809 rum
1127 4749 1244 4809 ordines
1257 4747 1380 4822 egregiae
1394 4745 1544 4821 dignitatis
1558 4745 1685 4805 obtineat
1696 4747 1901 4821 principatum,

139 4837 268 4899 alterum
292 4854 419 4910 earnem,
442 4837 569 4898 alterum
593 4845 718 4897 mentem
744 4838 783 4898 ita
806 4838 942 4914 possedit,
969 4846 1003 4900 ul
1044 4838 1099 4898 iste
1123 4838 1154 4897 iu
1183 4853 1284 4897 eorum
1314 4835 1442 4910 catalogo
1472 4850 1529 4894 non
1564 4833 1748 4895 mediocriter
1776 4835 1902 4910 insignis

138 4941 211 4987 oero
223 4927 425 5000 mundissima,
439 4942 523 4987 meus
533 4926 689 5002 purissima
702 4927 871 5002 genitricem
885 4928 1001 4989 Domiru
1044 4933 1133 5002 atque
1161 4928 1337 5003 conspicuus
1358 4934 1476 4986 sextum
1494 4926 1605 4986 obtinet
1625 4928 1730 4987 locum.
1751 4927 1802 4986 Ait
1820 4928 1900 4988 enim

139 5014 323 5091 singularius
335 5023 544 5077 consecrarent.
1044 5018 1219 5092 evangelista
1238 5018 1393 5077 Matthaeus
1409 5043 1416 5078 ι
1433 5017 1621 5078 «Duodecim
1638 5022 1736 5077 autem
1758 5020 1900 5095 apostolo·

182 5101 236 5164 Sed
250 5120 288 5165 ne
302 5113 418 5180 putares
432 5103 478 5165 bis
493 5104 608 5165 duabus
622 5104 691 5165 solis
703 5106 862 5168 virtutibus
877 5108 1002 5184 insigni·
1044 5125 1110 5169 rum
1128 5110 1248 5169 nomina
1266 5115 1335 5168 sunt
1355 5112 1417 5169 baec
1429 5135 1436 5170 ι
1449 5109 1562 5184 primus
1585 5109 1699 5184 Simon,
1720 5110 1770 5183 qui
1794 5109 1901 5170 dicitur

141 5203 203 5254 tam
220 5194 371 5255 dominam
384 5195 463 5255 orbis
480 5202 507 5254 et
526 5197 656 5270 reginam
672 5198 824 5268 coelorum,
845 5199 1000 5275 subsequi·
1045 5198 1156 5274 Petrus,
1171 5205 1199 5259 et
1219 5199 1350 5259 Andreas
1371 5200 1459 5259 frater
1482 5201 1554 5272 ejus,
1573 5199 1699 5260 facobus
1716 5199 1858 5272 Zebedaei,
1875 5210 1903 5260 et

142 5291 194 5344 tur
221 5283 436 5360 Scripturarum
463 5284 619 5346 auctoritas
635 5306 642 5345 ι
658 5285 693 5344 Et
720 5287 848 5347 universi
872 5287 1002 5362 pulveris
1042 5289 1169 5348 loannes
1194 5291 1282 5349 frater
1310 5289 1384 5364 ejus,
1411 5287 1573 5365 Philippus,
1606 5298 1634 5351 et
1659 5290 1900 5364 Bartholomaeus,

138 5371 339 5447 pigmentarii.
363 5371 419 5433 llic
440 5389 611 5449 expressum
636 5381 680 5434 est
705 5375 849 5450 quidquid
875 5379 1001 5452 exprimi
1043 5380 1181 5452 Thomas,
1201 5386 1229 5439 et
1245 5379 1400 5440 blattbaeus
1423 5380 1606 5457 publicanus,
1626 5381 1750 5443 Jacobus
1774 5383 1901 5458 Alphaei,

140 5460 245 5536 potuit.
261 5459 377 5538 Species
388 5459 507 5540 quidem
526 5463 647 5539 integrae
665 5462 783 5525 odorem
799 5465 933 5537 reddunt,
951 5467 1001 5527 sed
1043 5475 1070 5528 et
1086 5465 1262 5542 thaddaeus,
1274 5447 1579 5542 Simou⁴dhauanaeus
1594 5475 1621 5530 et
1635 5470 1725 5531 ludas
1740 5471 1902 5546 lscariotes,
