4100 6209
151 219 206 279 tlte
896 212 1022 273 SERMO
1040 210 1172 271 uxxttt.
1855 209 1908 270 tlt

150 345 244 419 potest
260 336 405 401 oblivioni
424 336 563 397 traditum
577 350 594 396 a
607 335 779 412 cogitatione
801 335 901 398 deleri.
925 335 1209 413 Non-Apeoeamus.
1234 334 1291 396 Sed
1315 334 1458 412 quidquid
1481 335 1513 395 in
1538 336 1666 396 humana
1690 332 1907 394 conversatione

150 430 228 491 nulli
243 428 323 489 enim
349 427 473 487 fratrum
497 434 650 504 postquam
674 442 705 486 se
726 425 874 503 aliquanto
893 425 1008 487 diutins
1046 424 1228 500 delinquitur
1246 425 1402 485 fructuosae
1421 423 1599 501 poenitentia
1617 423 1744 510 remedio
1758 427 1786 483 et
1800 421 1908 482 crebris

150 518 269 580 siluisse
287 515 487 587 meminerint,
510 516 636 593 quadam
653 515 736 592 quasi
755 530 793 576 ex
812 516 876 592 ipso
891 514 1008 576 silentio
1048 513 1228 574 orationibus
1243 514 1387 590 expiatur.

147 607 307 669 securitate
336 612 538 681 praesumpta,
567 620 635 665 mox
665 604 701 664 ad
730 602 901 680 proferenda
933 619 1008 662 vana
1084 598 1309 660 Consideremus
1344 616 1423 677 ergo,
1464 601 1563 662 iratres
1605 600 1780 675 charissimi,
1817 616 1906 679 quam

147 696 291 771 quaslibet
311 701 340 753 et
362 695 440 755 levia
461 694 603 766 defluunt,
626 700 655 755 et
679 709 737 754 non
763 695 799 754 ad
829 693 1008 755 necessitatis
1047 706 1137 765 grave
1163 689 1200 749 sit
1224 689 1255 748 in
1283 688 1383 765 lingua
1404 689 1585 767 delinquere,
1605 706 1672 765 quaa
1695 691 1861 765 compuncti
1880 698 1908 751 et

149 786 269 856 indicia,
298 783 348 843 sed
373 785 410 843 ad
434 783 592 860 voluptatis
618 782 714 859 potius
740 782 931 859 petulantiam
960 781 1007 842 ιιι-
1046 778 1245 839 amarioordis
1263 779 1405 856 interpres
1425 796 1476 855 pro
1496 782 1602 841 nostris
1621 779 1734 840 delictis
1755 779 1907 841 efficaciter

149 874 273 935 discreta
289 886 340 932 ora
359 870 519 932 resolvunt.
535 869 648 942 Quibus
666 871 791 946 profectu
808 870 891 947 valde
905 870 1008 930 tituen-
1048 871 1201 929 consuevit
1214 882 1306 938 orare,
1322 875 1350 928 et
1367 884 1432 928 eam
1451 869 1618 929 vanissima
1638 866 1817 943 loquacitatis
1835 867 1906 928 vitio

149 968 221 1028 dum
246 971 298 1037 est,
314 980 351 1025 ne
369 964 462 1038 magis
476 964 569 1024 Deum
588 965 660 1024 vitio
676 964 813 1024 vanifluae
826 961 1008 1024 verbositatis
1048 972 1129 1019 ream
1151 963 1239 1032 atque
1265 957 1422 1016 obnoxiam
1451 956 1552 1017 divino
1585 954 1749 1032 conspectui
1776 955 1905 1027 reddere,

149 1057 296 1118 offendunt
308 1071 397 1133 qnam
411 1054 467 1114 sibi
480 1054 562 1129 prius
573 1050 646 1110 388
659 1053 694 1112 de
704 1053 811 1113 silentii
826 1054 871 1113 sui
884 1068 1005 1112 censura
1049 1062 1117 1124 quaa
1135 1047 1278 1107 nimirum
1298 1046 1329 1105 ia
1349 1062 1411 1106 suta
1438 1045 1591 1106 munditia
1608 1045 1734 1121 puritate
1751 1044 1908 1120 persistens

149 1147 341 1222 placaverant.
371 1145 465 1205 Deum
490 1142 648 1219 siquidem,
675 1159 762 1222 quern
785 1145 821 1204 dn
843 1144 956 1203 silenda
979 1151 1008 1203 et
1046 1135 1152 1195 nostris
1171 1134 1299 1194 reatibus
1318 1141 1429 1209 poterat
1450 1134 1567 1195 veniam
1585 1132 1725 1194 obtinere.
1743 1133 1827 1196 Unde
1845 1150 1906 1196 non

148 1234 330 1296 orationibus
353 1234 514 1294 insidendo
532 1233 564 1293 in
583 1249 614 1295 se
632 1233 777 1309 suscipere
798 1232 926 1294 fortassis
939 1242 1007 1292 ante
1046 1222 1379 1313 1111111111101111111111111
1400 1223 1565 1297 8111111111]
1584 1223 1691 1283 dicitur
1713 1242 1719 1281 :
1746 1246 1760 1278 ι
1784 1222 1907 1299 flagelli

149 1330 340 1395 merueram,
370 1337 450 1383 nunc
479 1324 605 1383 vamado
632 1322 740 1383 rabulis
765 1330 794 1381 et
823 1321 1007 1381 sermombus
1046 1304 1120 1370 389
1134 1314 1219 1388 plaga
1245 1313 1365 1373 livorem
1386 1314 1470 1384 leuitt
1484 1314 1570 1389 plaga
1589 1321 1687 1373 antem
1703 1315 1906 1391 linguarum-

147 1413 249 1473 otiosis
274 1418 353 1472 ιιιιιιι
370 1412 565 1488 periculosius
586 1417 695 1489 quanto
718 1411 844 1471 vicinius
869 1410 1006 1486 persequi
1048 1402 1160 1462 minuet
1182 1418 1246 1463 ⁰⁸⁸³
1266 1406 1361 1474 (Eeah'.
1377 1410 1498 1473 11111111·
1514 1425 1529 1458 ι
1545 1405 1617 1464 Ειοι
1640 1405 1741 1481 lingua
1764 1418 1906 1465 088811011

148 1516 207 1564 non
223 1500 391 1563 formidant.
1046 1494 1142 1565 habet,
1157 1501 1261 1555 etossa
1292 1495 1474 1567 comminuit,
1490 1494 1559 1570 quia
1585 1496 1738 1570 cumipse
1760 1512 1809 1569 per
1834 1509 1906 1555 ven·
1962 1526 1966 1533 ‚

183 1591 313 1651 audiant
340 1591 439 1664 itaque
473 1589 545 1667 quid
589 1588 698 1650 Paulum
737 1588 870 1665 Ephesiis
896 1589 1006 1650 dicat:
1045 1590 1108 1646 tosa
1130 1583 1219 1644 verba
1247 1583 1350 1644 leviter
1372 1584 1463 1645 effluit
1485 1586 1569 1645 fortia
1592 1590 1679 1661 atque
1702 1585 1820 1645 robusta
1846 1582 1906 1643 vir·

148 1681 288 1751 «Omnis,
312 1680 418 1755 inquit,
442 1692 537 1739 sermo
563 1677 658 1738 malus
679 1694 717 1738 ert
744 1693 794 1739 ore
821 1687 916 1740 vestro
945 1673 1118 1758 nonfltutis
1137 1681 1242 1733 nostrae
1261 1674 1335 1734 facta
1352 1675 1520 1750 corrumpit.
1539 1675 1613 1734 Nam
1627 1689 1693 1734 cum
1714 1678 1833 1735 morset
1849 1672 1907 1732 vita

146 1770 290 1846 procedat,
317 1770 366 1830 sed
386 1770 410 1829 si
431 1770 501 1843 quid
519 1770 628 1831 bonum
648 1776 712 1842 est,
730 1770 765 1830 ad
785 1770 1006 1830 aedificationem
1049 1762 1087 1822 sit
1108 1760 1139 1822 in
1163 1777 1253 1823 manu
1275 1762 1386 1836 linguan
1406 1764 1493 1841 (Pron
1515 1766 1611 1838 avrti),
1634 1763 1718 1822 valde
1744 1762 1907 1825 cavendum

146 1859 368 1937 opportunitatis
402 1859 492 1933 littei,
519 1867 552 1919 ut
582 1861 630 1919 det
661 1860 782 1934 gratiam
819 1860 1007 1921 audientibus
1049 1858 1091 1913 est
1118 1853 1222 1913 vitium
1245 1853 1324 1928 quod
1342 1860 1370 1914 et
1394 1854 1713 1917 manuadferiendum
1731 1854 1773 1915 uti
1791 1853 1907 1926 (licitur,

146 1952 259 2022 (Ephe.
275 1954 328 2017 tv).
344 1974 358 1998 »
375 1948 408 2007 itt
422 1949 491 2024 quia
506 1948 642 2009 nonnulli
660 1948 752 2008 Deum
771 1951 852 2022 prius
870 1949 942 2009 bene
962 1950 1007 2009 vi·
1049 1944 1128 2003 unde
1141 1942 1267 2003 inaniter
1280 1942 1427 2019 loquentis
1445 1944 1544 2003 anima
1558 1942 1726 2003 trucidetur.
1744 1940 1825 2004 Unde
1848 1944 1904 2004 nott

146 2039 242 2098 vendo
261 2037 418 2104 lmtilicunt,
438 2037 487 2097 sed
507 2039 689 2113 postmodum
712 2038 860 2113 superflua
883 2054 1008 2115 quaeque
1049 2034 1195 2095 immerito
1221 2033 1310 2105 idern,
1332 2033 1384 2107 qui
1406 2048 1504 2107 supra,
1528 2031 1651 2107 Sapiens
1671 2031 1766 2093 dicit:
1787 2052 1801 2087 a
1822 2028 1908 2105 biplti

145 2133 174 2187 et
200 2143 336 2203 perversa
358 2126 503 2205 loquendo
525 2129 706 2201 contristant,
724 2129 801 2189 illico
826 2128 979 2207 subjunxit
999 2151 1006 2191 :
1050 2126 1216 2186 ceciderunt
1231 2125 1262 2184 in
1277 2140 1326 2183 ore
1339 2122 1439 2198 gladii,
1449 2122 1499 2183 ssd
1514 2139 1573 2182 non
1585 2121 1635 2193 sic,
1650 2122 1735 2196 quasi
1749 2120 1801 2199 qui
1815 2120 1908 2183 inter·

147 2216 212 2276 «Et
234 2215 325 2275 nolite
347 2217 517 2276 contristare
548 2214 689 2291 Spiritum
717 2226 849 2278 sanctum
875 2219 947 2291 Dei,
976 2219 1008 2278 in
1050 2213 1359 2289 ieruntperlinguam
1374 2226 1457 2271 suam
1473 2214 1569 2281 (hecti.
1585 2215 1734 2281 textuit»

145 2322 207 2382 quo
232 2306 337 2381 signati
357 2307 427 2365 estis
450 2305 480 2364 in
503 2304 550 2365 die
566 2305 772 2380 redemptionis
789 2310 890 2378 tibidt.
909 2330 923 2363 ι
944 2308 1010 2369 Per·
1088 2303 1152 2363 Duo
1172 2309 1270 2363 autem
1294 2303 1453 2378 unicuique
1473 2300 1632 2361 necessaria
1653 2304 1721 2360 sunt
1742 2298 1794 2374 qui
1818 2313 1849 2359 se
1871 2296 1908 2358 ab

146 2395 275 2471 pendant
289 2396 399 2468 miseri,
413 2410 481 2470 qua
492 2394 552 2455 dtis
569 2394 669 2455 laetitia
682 2397 713 2455 in
730 2398 813 2456 vanis
827 2398 1010 2460 sermonibus
1053 2393 1141 2468 hujus
1156 2392 1294 2466 nequitia
1320 2397 1398 2466 peste
1414 2390 1558 2450 custodire
1581 2388 1733 2460 desiderat,
1753 2394 1786 2449 ιιι
1803 2387 1907 2448 videli-

147 2492 239 2562 potest
259 2486 456 2546 lenocinantes
474 2484 622 2559 obrepere,
646 2484 754 2558 quibus
772 2486 869 2546 sciunt
891 2503 923 2546 se
950 2503 1009 2547 non
1052 2489 1096 2542 cet
1111 2486 1138 2540 et
1157 2482 1308 2556 proprium
1332 2495 1364 2539 os
1392 2496 1408 2537 a
1431 2479 1618 2554 supervacuis
1631 2477 1815 2539 sermonibus
1827 2491 1907 2536 com-

147 2582 294 2653 petentem
319 2573 430 2645 saeculi,
446 2588 504 2633 non
528 2576 613 2633 etiam
633 2575 794 2648 quemlibet
807 2583 941 2635 sanetum
957 2577 1010 2636 ho·
1053 2570 1169 2645 primat,
1184 2574 1213 2629 et
1230 2582 1315 2627 aures
1330 2568 1417 2626 etiam
1433 2566 1470 2626 ab
1488 2566 1594 2641 ineptis
1609 2566 1713 2625 alienae
1727 2564 1908 2640 loquacitatis

148 2665 268 2733 minem,
295 2662 344 2723 nen
373 2663 470 2736 ipsum
497 2661 639 2738 spiritum
665 2672 807 2733 sanctum,
835 2664 887 2740 quq
910 2653 1010 2740 procul
1052 2656 1337 2719 confabulationibus
1358 2654 1481 2727 claudat,
1504 2655 1646 2731 quoniam
1673 2656 1727 2714 hoc
1750 2654 1832 2715 virus
1848 2669 1909 2714 uon

146 2743 239 2805 dubio
252 2743 329 2805 Deus
342 2747 395 2814 est,
414 2742 594 2802 contristare.
1054 2744 1150 2807 solum
1171 2762 1219 2806 eos
1243 2763 1260 2805 a
1284 2745 1392 2821 quibus
1406 2744 1500 2805 oritur
1517 2744 1660 2804 lethaliter
1678 2745 1780 2815 inlicit,
1796 2744 1847 2805 sed
1860 2760 1909 2807 eos

186 2832 297 2905 Quanto
322 2839 419 2891 autem
449 2831 572 2892 cautelae
594 2831 690 2892 studio
717 2831 826 2907 linguae
852 2834 1010 2910 procacitas
1052 2836 1139 2895 etiam
1157 2835 1188 2893 in
1207 2850 1280 2910 quos
1299 2832 1460 2893 effunditur
1479 2833 1640 2907 perniciosa
1660 2831 1723 2893 tabe
1739 2831 1907 2909 corrumpit.

145 2924 288 2985 mnanda
307 2924 394 2996 sit,si
416 2923 483 2999 qais
509 2938 594 2984 nosse
611 2923 763 2997 desiderat,
779 2928 854 2986 inter
876 2927 1012 3003 quaecri·
1057 2923 1137 2984 Unde
1160 2924 1299 2999 seriptum
1321 2929 1364 2982 est
1388 2940 1396 2980 z
1425 2942 1439 2976 ι
1461 2921 1529 2996 Sept
1554 2937 1640 2981 aures
1668 2930 1731 2981 tuas
1757 2922 1860 2998 spinis,
1880 2928 1910 2983 et

144 3015 227 3074 mina
246 3013 284 3074 ab
307 3013 408 3074 eodem
426 3013 564 3088 magistro
576 3016 708 3089 gentium
722 3024 902 3089 numeretur,
917 3025 1043 3117 atten-C
1054 3015 1116 3076 noli
1134 3013 1236 3073 audire
1248 3013 1382 3089 linguam
1398 3029 1544 3088 nequam;
1560 3020 1587 3072 et
1599 3012 1643 3071 ori
1659 3019 1709 3072 tuo
1728 3013 1813 3073 facito
1823 3014 1908 3087 ostia,
1999 3018 2007 3035 ¹

145 3099 225 3159 dat:
255 3121 269 3153 α
297 3099 470 3171 Fornicatio,
500 3100 608 3175 inquit,
637 3110 665 3161 et
689 3103 785 3162 omnis
810 3104 999 3165 immunditia
1052 3110 1181 3163 etseras
1203 3102 1324 3162 auribus
1350 3104 1425 3173 tuis;
1450 3117 1556 3161 aurum
1580 3107 1676 3173 tuum,
1700 3108 1729 3161 et
1753 3108 1908 3179 argentum

143 3198 197 3251 aut
221 3192 353 3263 avaritia,
381 3206 435 3251 nec
459 3192 627 3252 nominetur
652 3192 683 3252 in
711 3193 804 3266 vobis,
831 3193 907 3254 sicut
930 3177 1012 3259 decet
1051 3197 1137 3253 tuum
1154 3191 1257 3263 confla,
1272 3197 1300 3251 et
1316 3191 1412 3251 verbis
1425 3190 1485 3251 tuis
1505 3188 1589 3249 facito
1608 3182 1755 3262 staleram,
1769 3198 1798 3250 et
1811 3191 1908 3252 frenos

145 3286 270 3350 numos,
283 3287 336 3340 aut
360 3278 519 3354 turpitudo,
534 3287 584 3339 aut
609 3281 834 3356 shrltiluquium,
858 3292 908 3343 aut
934 3300 1011 3345 seur·
1050 3280 1094 3340 ori
1112 3288 1162 3341 tuo
1175 3286 1275 3351 rectos,
1291 3286 1320 3339 et
1331 3279 1457 3351 attende,
1477 3294 1515 3338 ne
1534 3278 1605 3338 lorte
1624 3277 1729 3339 labaris
1747 3280 1777 3339 in
1796 3278 1906 3357 lingua,

145 3368 250 3439 tilitas,
268 3382 337 3442 quae
360 3368 478 3428 adrem
501 3384 561 3428 non
580 3369 704 3443 pertinet
728 3374 836 3444 (Ephes.
862 3374 900 3445 vl.
920 3396 931 3426 ι
953 3373 1010 3434 Ubi
1050 3369 1220 3429 etcadasin
1238 3376 1392 3444 conspectu
1413 3367 1603 3428 inimicorum
1620 3364 1824 3429 insidiantium
1843 3369 1906 3442 tibi,

146 3456 228 3517 enim
252 3455 481 3528 inmitationem,
502 3456 728 3529 immunditiam,
748 3464 834 3534 alque
858 3460 1010 3520 avaritiam
1050 3465 1078 3520 et
1105 3460 1143 3520 sit
1168 3475 1253 3520 casus
1279 3466 1347 3519 tuus
1373 3457 1547 3518 insanabilis
1567 3458 1599 3517 in
1624 3463 1746 3517 mortem
1767 3458 1906 3533 (iliata

147 3546 253 3616 texuit,
270 3544 311 3603 ibi
335 3546 423 3606 etiam
443 3545 643 3605 indifferenter
664 3547 879 3621 scurrilitatem,
894 3555 922 3607 et
935 3551 1009 3610 stul·
1051 3548 1188 3611 Salomon
1205 3554 1303 3609 autem
1325 3546 1420 3607 dicit:
1442 3567 1456 3601 a
1480 3544 1536 3616 Qui
1559 3546 1726 3607 custoditos
1740 3556 1838 3620 suum,
1855 3562 1907 3607 eu·
1961 3558 1972 3569 ·

147 3636 302 3712 tiloqnium
325 3637 504 3707 nominavit,
528 3644 561 3697 ιιι
590 3638 743 3697 manifeste
764 3637 850 3698 detur
874 3636 1008 3712 intelligi,
1049 3638 1137 3698 studit
1154 3637 1399 3708 animamsuam;
1416 3634 1470 3712 qui
1488 3639 1587 3694 autem
1611 3633 1842 3695 inconsideratus
1865 3644 1908 3696 est

147 3727 260 3800 linguae
283 3725 394 3787 malum
413 3725 594 3800 gravissimis
611 3726 784 3786 criminibus
802 3726 832 3784 in
850 3726 1010 3787 offendens
1049 3728 1084 3787 ad
1108 3726 1298 3801 loquendum,
1326 3723 1430 3785 sentiet
1456 3720 1567 3783 malum
1589 3724 1680 3795 (Prov.
1703 3728 1780 3794 xttr).
1803 3744 1818 3779 a
1848 3723 1907 3783 Nec

146 3816 379 3890 conjunctuma
402 3813 513 3889 quibus
534 3814 564 3873 in
585 3814 648 3889 ipsa
668 3830 726 3875 noa
751 3824 794 3875 est
815 3815 1010 3890 prohibitione
1048 3817 1130 3878 enirn
1148 3815 1325 3876 eredendum
1347 3821 1400 3887 est,
1421 3812 1523 3874 fratres
1549 3812 1617 3886 mei,
1638 3822 1752 3874 sanctos
1777 3815 1907 3875 doctores

146 3901 316 3963 1111181111·
329 3902 403 3973 Quid
427 3910 524 3962 autem
543 3903 713 3980 vaniloquio
731 3910 823 3978 potest
844 3919 906 3963 esse
929 3904 1009 3965 dete·
1049 3906 1124 3971 Novi
1147 3908 1256 3968 scilicet
1281 3923 1315 3967 ac
1336 3906 1448 3966 Veteris
1473 3904 1652 3966 Testamenti
1676 3913 1716 3965 tot
1736 3906 1800 3967 sine
1820 3922 1906 3967 causa

148 3992 220 4062 rius,
232 3991 310 4066 qnod
330 4005 388 4051 non
403 3988 489 4051 modo
507 3993 763 4066 persemetipsum
781 3991 1008 4053 infelicemant·
1049 3998 1205 4059 mntentias
1226 3995 1364 4057 aduersus
1392 3994 1502 4071 lingum
1526 3993 1631 4056 titium
1652 3994 1816 4070 protulisse.
1842 3995 1905 4056 Nisi

146 4093 226 4138 mam
249 4078 394 4139 lethaliter
420 4086 531 4155 gravat,
555 4078 605 4138 sed
629 4086 656 4138 et
676 4080 767 4153 ipsam
783 4081 910 4142 honesta
938 4082 1009 4142 vitre
1048 4088 1129 4147 enim
1144 4084 1213 4145 huic
1227 4083 1328 4145 morbo
1346 4084 1476 4143 immane
1495 4081 1657 4158 periculum
1679 4082 1774 4143 inesse
1796 4098 1904 4157 cagno-

146 4166 329 4242 retigiunem,
344 4183 411 4244 quae
431 4167 581 4227 hominem
597 4166 657 4228 Deo
674 4168 786 4245 junxit,
807 4176 937 4241 evacuat,
957 4171 1009 4231 ιι·
1048 4180 1168 4247 seerent,
1197 4188 1384 4251 nequaquam
1417 4170 1559 4233 adversus
1587 4172 1667 4233 hunc
1695 4179 1754 4233 hm
1780 4179 1904 4245 austere,

145 4257 217 4318 eabe
237 4263 368 4328 testame
382 4258 434 4333 qui
453 4258 493 4316 ait
509 4276 543 4316 :a
564 4258 595 4318 Si
610 4259 677 4335 quis
691 4264 773 4333 putat
790 4272 822 4318 se
840 4259 1007 4335 religiosum
1048 4271 1106 4325 tam
1119 4268 1213 4337 acute,
1234 4270 1293 4323 tam
1305 4258 1514 4338 multipliciter,
1532 4260 1590 4321 tim
1606 4261 1791 4323 uniformiter
1803 4262 1905 4340 dispu-

145 4362 217 4421 eate,
231 4361 291 4408 uon
310 4349 461 4406 retrenans
478 4346 611 4421 linguam
630 4362 724 4421 suam,
740 4348 790 4407 sed
805 4350 946 4409 seducens
958 4365 1008 4410 eor
1047 4359 1149 4414 tarem.

144 4450 245 4505 timul,
260 4436 348 4511 hujus
371 4449 446 4494 illut
464 4443 508 4494 est
534 4435 798 4509 reliquentes.»
823 4434 936 4507 Quibus
960 4409 1039 4496 nin
1086 4442 1216 4503 Utenim
1238 4449 1340 4501 cetera
1358 4440 1524 4502 testimonia
1542 4456 1632 4502 sacrae
1656 4441 1814 4518 Scripturas
1833 4461 1907 4521 prte-

145 4525 253 4584 mirum
284 4523 381 4585 verbis
399 4523 464 4584 luco
483 4524 590 4585 clarius
607 4531 719 4584 constat
740 4525 810 4602 quia
827 4527 859 4584 iu
878 4522 1006 4585 nihilum
1050 4536 1168 4602 teream,
1181 4544 1268 4606 quem
1287 4528 1442 4605 apostolica
1467 4528 1535 4588 tuba
1555 4528 1608 4589 llla
1625 4545 1683 4589 non
1704 4536 1818 4605 terreat,
1838 4549 1905 4609 quan

142 4614 241 4673 omnis
263 4621 360 4673 nostra
383 4613 485 4689 religio
512 4613 663 4688 redigitur,
689 4612 745 4672 nisi
763 4613 882 4673 solerter
900 4615 1006 4673 immo·
1049 4618 1085 4679 de
1107 4620 1160 4679 hac
1177 4618 1306 4693 pernicie
1326 4616 1490 4676 terribiliter
1504 4616 1625 4691 intonat,
1644 4617 1765 4681 dicens:
1788 4641 1802 4675 a
1822 4620 1903 4692 Eece,

142 4702 251 4761 derata
268 4702 377 4776 lingna²
397 4701 515 4762 lascivia
532 4709 738 4774 compescatur.
754 4703 810 4774 Qui
824 4716 928 4763 rursus
941 4703 1004 4763 ait:
1048 4705 1155 4780 iuquit,
1178 4712 1307 4780 quantus
1327 4703 1405 4778 ignis
1428 4719 1517 4779 quem
1551 4720 1686 4779 magnam
1727 4709 1831 4785 siluam
1859 4711 1905 4770 in-

145 4812 159 4845 e
183 4790 239 4863 Qui
263 4790 296 4851 ιιι
318 4792 406 4852 verbo
430 4806 489 4850 non
510 4790 641 4864 attendit,
657 4791 705 4851 hic
728 4793 871 4866 perfectus
896 4799 940 4852 est
961 4792 1007 4852 vir
1048 4794 1155 4864 cendit,
1170 4798 1198 4852 et
1221 4792 1322 4867 lingua
1343 4793 1420 4869 ignis
1443 4801 1497 4866 est,
1521 4794 1696 4856 universitas
1719 4796 1902 4872 iniquitatis3

144 4885 211 4953 ttae.
230 4883 280 4953 inl.
297 4906 311 4930 n
331 4878 363 4940 Si
382 4880 437 4939 viri
462 4878 600 4954 perfectio
622 4880 652 4938 ιιι
673 4879 755 4940 verbi
773 4881 904 4942 custodia
923 4883 1006 4957 poni·
1048 4883 1151 4958 lingua
1165 4881 1352 4942 constituitur
1375 4882 1407 4942 in
1427 4881 1566 4943 membris
1584 4885 1702 4961 nostris,
1717 4900 1785 4963 quae
1805 4898 1904 4946 macu-

144 4976 206 5041 tur,
232 4970 359 5046 protecto
380 4974 458 5045 patet
480 4969 550 5044 quia
575 4983 627 5044 per
653 4969 801 5030 effrenate
827 4971 1007 5046 loquacitatis
1049 4972 1089 5031 lat
1114 4980 1206 5033 totum
1233 4987 1355 5049 corpus,
1383 4980 1411 5033 et
1437 4972 1599 5034 inflammat
1626 4983 1719 5035 rotam
1748 4976 1907 5037 nativitatis

143 5059 298 5127 incuriam,
312 5058 408 5118 omnis
422 5054 510 5117 etiam
528 5058 661 5131 perfecta
680 5058 749 5117 vite
764 5059 933 5132 compositio
950 5058 1006 5119 dis
1049 5066 1166 5132 nostrae,
1180 5060 1358 5120 inflammata
1383 5076 1399 5119 a
1418 5062 1550 5135 gehenna
1570 5064 1635 5138 (tae.
1655 5064 1705 5137 tut.
1733 5085 1747 5117 a
1770 5062 1832 5125 Non
1851 5081 1905 5126 au·

143 5146 263 5222 sipatur.
278 5146 314 5206 lit
336 5146 363 5206 si
387 5162 448 5206 rem
469 5144 595 5205 velimus
616 5146 771 5220 diligenter
789 5147 941 5222 inspicere,
955 5148 1006 5209 de·
1048 5154 1106 5209 tem
1121 5148 1269 5209 immerito
1282 5149 1383 5225 lingua
1395 5149 1473 5225 iguis
1491 5149 1606 5217 dicitur,
1625 5152 1693 5226 qula
1712 5151 1788 5212 sicut
1806 5154 1841 5213 de
1855 5155 1904 5214 in·

144 5236 234 5295 arius
246 5243 345 5311 ponat
357 5234 528 5310 plerumque
543 5234 643 5309 lingua
658 5249 747 5309 quam
760 5236 819 5294 vita
828 5252 838 5303 ;
854 5250 922 5296 nam
940 5244 970 5296 et
981 5238 1007 5298 si
1047 5237 1171 5313 sipiente
1187 5236 1323 5298 &lomna
1342 5236 1432 5297 dicite
1451 5263 1464 5288 α
1480 5239 1598 5314 apertio
1616 5239 1674 5300 oris
1692 5238 1772 5301 illius
1787 5241 1904 5303 influm-

144 5323 278 5399 tigitautt
299 5336 370 5383 cura
392 5323 521 5383 animam
546 5331 675 5382 nostram
699 5322 845 5383 cusmdire
868 5326 1006 5400 proponi·
1047 5327 1136 5387 matio
1153 5329 1248 5401 (Ereti.
1271 5329 1337 5397 xx).
1362 5351 1376 5377 »
1405 5325 1436 5386 st
1458 5343 1527 5403 ergo
1549 5328 1648 5403 lingua
1668 5329 1747 5405 ignis
1768 5334 1820 5404 est,
1835 5344 1903 5409 quae

144 5426 220 5487 rsus,
245 5421 341 5474 tarsen
367 5413 438 5489 quia
464 5412 613 5489 propagati
638 5410 675 5473 de
699 5426 785 5474 earne
808 5426 877 5473 cum
893 5421 1008 5489 peceato
1047 5428 1166 5476 omnem
1177 5416 1321 5477 alnetum
1339 5418 1505 5478 nostrarum
1523 5415 1629 5477 silvam
1646 5414 1783 5494 incendit,
1801 5419 1827 5480 si
1840 5420 1906 5481 uni·

147 5516 260 5580 umus,
276 5504 454 5583 impediente
480 5504 590 5582 sapius
614 5506 676 5581 ipsa
704 5504 801 5565 onmis
828 5504 1006 5580 indemitate,
1048 5505 1169 5567 teralba
1189 5513 1233 5566 est
1251 5504 1424 5582 iniquilatis,
1438 5506 1463 5566 sl
1481 5511 1572 5568 tutum
1589 5520 1694 5584 corpus
1712 5518 1766 5573 sua
1779 5506 1908 5572 radiate

884 5654 904 5689 ‘l

897 5682 905 5735 l
