4100 6209
167 259 227 375 171'
620 306 650 368 S.
672 300 818 365 ruditus
836 296 1036 362 DAMIANUS
1056 297 1087 360 S.
1108 298 1144 358 R.
1164 295 1197 358 h.
1217 295 1459 359 nouolutum.
1870 303 1920 364 ιη

164 441 230 508 tur,
264 434 291 493 si
321 434 501 492 sacramento
525 429 717 501 confirment,
746 428 780 487 in
807 431 955 502 posterum
981 422 1197 499 ahAgiouibus
1223 421 1328 496 tradit,
1361 425 1394 482 ut
1419 437 1480 481 non
1503 418 1561 481 viri
1586 422 1692 495 modo,
1726 423 1776 484 sed
1805 425 1920 487 nobiles

162 523 332 601 hujusmodi
347 519 464 596 flagitiis
477 523 693 595 temperaturos.
709 519 825 579 Primus
839 517 1019 579 solemnibus
1059 528 1177 590 quoque
1194 514 1332 574 mulieres
1349 514 1380 573 id
1399 528 1492 588 poenae
1513 528 1606 589 genus
1623 513 1747 575 libenter
1766 516 1917 592 subirent;

162 612 260 674 uerbis
284 610 376 672 Wido
403 609 636 684 archiepiscopus
664 607 693 667 id
720 604 867 683 prolcssus
895 611 947 679 est,
977 605 1018 666 si-
1059 604 1178 682 ipseque
1205 604 1341 664 decbaldi
1372 618 1450 666 uxor
1483 619 1588 679 magna
1618 605 1726 666 mulier
1755 605 1917 682 dignitate,

162 702 382 777 moniacamque
422 705 450 759 ot
492 697 701 758 Nicolaitarum
745 697 882 756 haeresim
920 711 1017 756 corum
1059 695 1163 755 marito
1194 702 1317 766 mortuo,
1350 693 1545 754 centenariam
1576 693 1651 754 hanc
1679 694 1814 770 absolvit,
1846 697 1918 760 dum

162 793 301 854 omnibus
327 792 493 861 detestatus,
518 789 588 849 inde
610 789 706 849 clerici
730 804 840 849 omncs.
864 788 1016 864 Archicpi-
1059 787 1112 846 tria
1140 777 1296 849 verberum
1324 786 1428 859 miMia,
1462 783 1642 860 disciplinas,
1675 785 1833 864 appeMaut,
1865 806 1918 865 pru

162 898 265 958 scopus
279 882 326 941 in
353 887 457 940 terram
482 879 626 955 proiectus
647 879 796 955 piaculum
821 877 937 954 injungi
960 876 1017 937 sibi
1058 891 1137 936 anno
1160 892 1220 937 uno
1238 881 1413 936 numeraret.
1433 874 1534 951 Itaque
1552 874 1666 949 Petrus,
1680 882 1834 953 postquam
1851 894 1915 954 poe-

160 972 336 1050 postulauit;
360 977 477 1032 centum
503 986 648 1032 annorum
674 972 777 1031 Petrus
802 971 951 1046 imposuit,
971 970 1016 1030 id·
1058 982 1126 1026 nam
1145 967 1212 1039 luit,
1226 967 1372 1043 eleganter
1389 967 1426 1028 ad
1444 966 1597 1028 Nicolaum
1614 967 1792 1044 pontificem,
1810 969 1915 1032 officii·

159 1082 216 1142 que
241 1064 345 1125 redimi
365 1080 448 1140 posse
469 1069 545 1124 certa
570 1063 694 1140 pecunia
713 1064 746 1124 ln
769 1063 901 1140 singulm
924 1077 1016 1123 annos
1058 1073 1116 1133 que
1140 1074 1174 1119 ac
1200 1059 1314 1134 pictatis
1340 1059 1442 1135 plenas
1466 1057 1576 1120 litteras
1607 1058 1686 1120 dedit
1713 1080 1721 1119 z
1749 1060 1857 1136 quibus
1884 1069 1915 1123 ct

159 1154 253 1216 soluta
271 1154 382 1228 voluit;
401 1153 499 1213 clerici
517 1151 641 1212 diversis
658 1153 690 1212 in
715 1153 775 1213 vite
795 1153 916 1229 jejuniis
940 1153 1015 1213 obli·
1057 1149 1192 1224 purgavit
1217 1164 1248 1208 sc
1274 1148 1438 1224 diligenter,
1470 1156 1499 1208 et
1528 1166 1587 1211 non
1613 1146 1713 1209 minus
1739 1150 1913 1224 rationibus,

157 1244 227 1321 gati.
246 1243 384 1304 Ascendit
402 1243 508 1303 deinde
526 1243 558 1302 in
577 1241 745 1301 concionem
769 1240 1014 1318 archiepiscopus,
1057 1256 1147 1316 quam
1166 1247 1332 1303 sanctorum
1350 1241 1481 1304 rherum
1495 1241 1641 1318 exemplo,
1655 1241 1687 1302 id
1706 1242 1806 1304 iecisse
1825 1250 1913 1306 testa·
1939 1273 1945 1282 ·

157 1340 186 1394 et
209 1334 286 1394 clero
314 1332 478 1409 populoque
505 1332 716 1412 presentibus,
745 1333 844 1410 Jurarc
878 1333 1015 1394 clericum
1057 1336 1104 1394 tus
1116 1337 1168 1392 est.

158 1435 245 1484 suum
264 1421 362 1498 iussit,
385 1435 417 1482 se
438 1420 492 1480 has
509 1418 582 1481 duas
607 1420 731 1480 haereses
752 1433 803 1495 pro
826 1419 940 1481 viribus
960 1436 1014 1480 ex·
1092 1421 1234 1483 Caeterum
1267 1437 1305 1482 an
1336 1420 1381 1482 illi
1415 1417 1552 1482 Nicotaus
1582 1421 1712 1497 pontiden
1747 1424 1912 1499 assenserit,

156 1511 347 1588 stirpaturum
363 1532 370 1569 ι
387 1523 446 1586 qno
478 1509 580 1570 eodem
615 1513 793 1569 sacramento
828 1525 858 1570 sc
890 1511 1016 1587 populus
1056 1526 1224 1590 quanquam
1238 1509 1370 1588 plerique
1383 1527 1485 1574 omnes
1501 1511 1656 1586 affirmant,
1671 1518 1767 1574 umen
1780 1512 1912 1588 aliquam

155 1597 299 1663 devinxit.
319 1598 438 1660 tilerlcis
455 1599 527 1660 hinc
545 1599 666 1676 pristina
685 1605 866 1674 ornamenta,
881 1601 1014 1661 litteratis
1056 1600 1150 1661 iacere
1184 1600 1398 1662 dubitationem
1434 1599 1552 1663 videtur
1588 1601 1713 1677 diploma
1752 1601 1913 1665 Alexandri

156 1696 255 1772 etiam,
278 1700 306 1757 et
324 1693 409 1756 castis
425 1691 552 1757 cilicium
571 1694 728 1772 redditum,
749 1696 858 1773 reliqui
877 1696 1013 1758 Ecclesiae
1055 1690 1193 1768 secundi,
1221 1689 1269 1750 ⁰¹11
1295 1688 1453 1752 subscribit
1480 1689 1582 1752 Petrus
1608 1697 1740 1768 Detestor
1772 1689 1914 1754 Ostiensis

156 1791 270 1847 tantum
301 1786 443 1846 associati.
469 1783 515 1845 Ad
544 1783 609 1846 haec
641 1785 875 1864 archiepiscopus
906 1780 1216 1865 recepithpiscopus,
1251 1787 1285 1843 ut
1314 1788 1358 1844 est
1385 1781 1418 1842 in
1453 1781 1596 1843 Chronico
1633 1781 1794 1843 (lesinensi.
1823 1782 1913 1845 toan·

155 1892 214 1949 eos,
243 1893 273 1937 se
308 1874 459 1954 religionis
489 1893 574 1938 musa
607 1875 747 1953 Romam,
779 1887 830 1942 aut
863 1877 1015 1941 Turonum
1055 1890 1107 1935 nes
1127 1889 1243 1951 quoqne
1265 1873 1447 1934 Trithemius
1473 1872 1546 1934 dum
1569 1871 1600 1933 in
1620 1871 1823 1949 Hirsauglensl
1842 1873 1913 1934 item

155 1970 318 2038 missurum
336 1990 343 2031 :
360 1987 392 2032 se
409 1986 478 2032 vero
503 1969 540 2031 ad
563 1968 598 2032 D.
619 1969 760 2034 Jacobun
785 1972 818 2036 in
841 1971 1014 2052 Hispaniam
1055 1964 1207 2038 Chronico,
1228 1963 1305 2026 Pelii
1327 1963 1461 2024 Deffliessi
1481 1964 1654 2040 legationem
1672 1963 1704 2025 1¹1
1726 1962 1913 2027 Germaniam

155 2059 276 2123 iturum.
296 2055 354 2121 Sed
373 2076 542 2137 quanquam
561 2061 623 2122 llaec
641 2059 712 2122 adeo
735 2060 849 2138 prolixe
867 2061 1014 2140 pollicitus
1055 2053 1154 2114 scribit
1176 2054 1213 2114 ed
1235 2053 1395 2115 Henrisum
1421 2069 1519 2130 regem
1542 2069 1619 2115 enno
1642 2052 1797 2114 millesimo
1822 2069 1911 2129 nouo,

154 2153 216 2224 cst,
250 2156 348 2214 umen
380 2148 460 2212 baud
489 2149 529 2210 ita
557 2149 608 2211 diu
638 2156 722 2226 post,
753 2151 878 2214 abeunte
909 2151 1013 2228 petro,
1054 2156 1123 2203 eum
1149 2142 1274 2220 appellat
1301 2150 1490 2204 sacrosancta
1518 2143 1658 2204 Romana
1686 2142 1823 2206 Ecclesia
1849 2143 1913 2221 cpi·

154 2237 244 2300 sacris
267 2235 450 2298 initiatorum
473 2237 599 2298 assiduis
622 2238 787 2300 stimulatus
810 2239 1012 2317 querimoniis,
1055 2249 1173 2312 scopum
1206 2236 1393 2297 cardinalem·
1422 2235 1525 2313 Neque
1562 2241 1658 2297 umen
1686 2249 1754 2296 cum
1781 2235 1819 2296 iis
1844 2251 1913 2297 sen·

153 2344 187 2389 ac
215 2343 289 2404 pene
316 2325 466 2401 conuiciis,
492 2327 523 2392 iu
548 2326 706 2403 pristinum
733 2327 829 2390 rediit.
857 2327 958 2406 Itaque
981 2331 1013 2392 in
1054 2325 1152 2399 mrim,
1175 2326 1226 2403 qui
1246 2325 1301 2385 luit
1317 2342 1334 2384 a
1352 2330 1437 2401 partu
1456 2325 1587 2401 Virginis
1610 2341 1698 2403 supra
1722 2325 1914 2387 millesimum

153 2416 287 2494 sequenti
301 2433 379 2478 enno
395 2417 498 2478 Petrus
511 2417 637 2491 grauiter
655 2425 826 2496 commotus,
846 2416 1011 2500 liudulpho,
1053 2414 1282 2489 septuagesimus
1305 2419 1434 2486 murus,
1458 2418 1487 2473 et
1510 2412 1707 2490 episcopatum
1732 2413 1911 2491 deposuisse,

152 2505 263 2582 vitali,
295 2505 437 2581 Arialdo,
467 2511 495 2568 et
518 2506 702 2570 Erlemhaldo
730 2505 819 2568 cotta
842 2508 897 2570 hac
923 2510 959 2574 dc
982 2526 1013 2572 re
1052 2506 1081 2561 el
1102 2501 1211 2563 litterae
1229 2501 1265 2562 de
1283 2501 1335 2562 5¹¹⁰
1353 2502 1534 2577 dePOHessdlb
1548 2518 1621 2578 (lues
1635 2501 1777 2578 diximus,
1790 2502 1827 2564 ad
1840 2504 1911 2564 Gie-

152 2595 292 2669 scrihens,
317 2595 369 2676 qui
391 2601 609 2672 permanserant
633 2596 665 2656 in
692 2597 845 2672 sententia,
874 2599 925 2662 ubi
949 2598 1011 2660 lau·
1051 2590 1167 2666 sosium
1186 2596 1248 2651 tum
1263 2590 1441 2667 pontificem,
1455 2591 1590 2665 dedisse3
1609 2609 1678 2656 cum
1696 2591 1746 2654 illc
1763 2593 1796 2654 in
1813 2591 1909 2654 omnl-

151 2684 232 2748 davit
255 2683 333 2760 illos,
358 2685 394 2745 de
420 2685 531 2758 ceteris
555 2701 718 2746 sermonem
746 2685 907 2764 ingressus,
934 2687 1012 2764 quod
1051 2677 1118 2756 bus,
1134 2696 1208 2757 quos
1226 2680 1355 2758 legerim,
1377 2679 1535 2757 codidbus,
1556 2679 1674 2744 Nicolso
1692 2682 1910 2758 inscribendum

150 2781 260 2852 umen,
287 2773 396 2852 inquit,
429 2773 461 2837 in
489 2774 699 2837 Mediolanensi
726 2775 854 2837 Ecclesia
883 2793 942 2838 non
969 2783 1012 2840 est
1051 2775 1080 2829 et
1104 2769 1345 2846 gravissimorum
1367 2776 1520 2834 auctorum
1542 2772 1706 2834 testimonio
1727 2779 1848 2847 constet,
1872 2773 1912 2834 ab

151 2880 275 2942 novum,
293 2879 362 2946 quas
378 2879 493 2942 semper
511 2864 619 2926 diversi
637 2864 781 2940 dogmatis
799 2861 934 2926 homines
957 2864 1010 2927 qa.
1052 2857 1219 2919 Alexandro
1243 2857 1377 2920 Secundo
1394 2859 1540 2936 pontifice,
1562 2859 1723 2922 Gerardum
1747 2861 1912 2924 Ostiensem

149 2954 236 3032 buit,
264 2953 350 3020 initio
381 2954 417 3018 ab
449 2955 621 3031 Auxentio,
652 2960 739 3033 atque
773 2954 928 3017 Ambrosio
962 2956 1010 3018 jn.
1051 2949 1219 3027 episcopum
1231 2950 1351 3012 lactum.
1363 2949 1441 3011 illud
1453 2952 1539 3012 etiam
1551 2967 1610 3013 non
1619 2952 1813 3014 omittendum
1823 2951 1910 3029 duxi,

149 3043 262 3108 cheato.
1051 3037 1180 3115 Petrum,
1200 3057 1231 3101 se
1250 3045 1388 3116 perpetuo
1406 3043 1582 3103 monachum
1601 3040 1662 3103 suls
1684 3042 1787 3104 litteris
1808 3043 1911 3121 appel-

184 3135 280 3213 Atque
302 3133 369 3198 haec
389 3135 430 3199 ita
452 3154 469 3198 a
494 3152 525 3197 se
547 3133 702 3196 Mediolani
725 3140 787 3195 acta
811 3134 914 3198 Petrus
936 3129 1135 3236 scri-classe,
1151 3137 1179 3191 et
1197 3146 1228 3194 se
1246 3129 1390 3194 abdidisse
1405 3131 1613 3195 indutrienam
1625 3131 1814 3195 solitudinem
1827 3138 1910 3212 opta·

149 3222 193 3288 bit
208 3249 216 3289 r
233 3226 285 3302 qui
310 3231 344 3290 ut
370 3242 401 3287 sc
429 3225 489 3288 Deo
516 3230 608 3286 totum
637 3223 771 3299 traderet,
799 3233 827 3287 et
852 3229 884 3288 in
909 3245 1009 3292 rerum
1054 3221 1204 3283 tissimum.

148 3314 319 3379 divinarum
357 3314 546 3378 meditatione
583 3312 647 3374 dies
679 3318 837 3392 noctesque
871 3324 1007 3395 poneret,
1088 3310 1291 3374 Alexandrum
1317 3311 1483 3388 pontificem
1506 3311 1604 3391 gravis
1630 3315 1740 3378 interca
1772 3313 1911 3393 fatigabat

147 3419 229 3466 sacro
255 3401 364 3480 galero,
391 3409 421 3464 et
447 3401 624 3479 episcopatu,
653 3401 839 3482 duorumque
869 3412 1030 3483 praeterea,
1052 3403 1192 3466 dissensio
1211 3401 1328 3468 dedalei
1347 3404 1522 3480 Parmensis,
1544 3423 1633 3484 quem
1659 3407 1798 3470 Germani
1820 3424 1910 3486 pseu·

146 3494 347 3558 cenobiorum
374 3494 432 3556 sibi
460 3493 729 3557 commendatorum
757 3497 1008 3560 administratione
1050 3493 1255 3572 dopontidcem
1276 3508 1345 3556 cum
1369 3493 1504 3558 iecissent
1524 3513 1541 3557 a
1565 3495 1705 3558 Romanis
1729 3497 1815 3559 etiam
1839 3515 1908 3576 pro‹

145 3603 178 3649 se
200 3584 355 3650 abdicavit.
381 3585 512 3662 dumque
537 3601 555 3647 a
578 3584 696 3648 Nicotao
718 3585 855 3660 pontifice
876 3590 1007 3656 maximo
1050 3581 1165 3645 multus
1184 3581 1273 3660 recipi
1290 3581 1452 3645 studebant.
1473 3584 1502 3645 Is
1522 3601 1590 3647 vcro
1608 3600 1778 3663 quanquam
1792 3585 1824 3647 in
1841 3605 1910 3650 con·

146 3678 198 3757 qui
216 3679 280 3756 ejus
297 3676 543 3739 Mediolanensem
563 3677 735 3753 legationem
754 3679 884 3742 maxime
901 3681 1006 3757 proba·
1050 3673 1118 3735 cilio
1141 3672 1267 3736 Mantuae
1295 3691 1371 3736 auno
1399 3673 1466 3736 ltlbl
1491 3674 1601 3750 habito,
1621 3694 1680 3754 quo
1696 3683 1724 3739 et
1742 3678 1909 3742 Alexander

146 3776 237 3845 vetat,
264 3769 301 3834 ad
323 3785 372 3831 eas
392 3767 502 3832 iterum
528 3767 693 3845 digmtatcs
716 3774 745 3830 et
767 3770 915 3835 honorum
936 3772 1008 3834 insi-
1049 3763 1111 3844 ipse
1130 3771 1258 3839 venerat,
1278 3767 1413 3844 rejectus,
1434 3773 1530 3828 tamen
1548 3766 1675 3843 insignia
1694 3767 1843 3843 pontificia
1860 3786 1908 3832 re·

143 3862 214 3940 gata
237 3868 404 3940 apeme,
434 3862 767 3937 praenecessarium,
799 3870 827 3924 ot
857 3863 1006 3942 alquanto
1050 3853 1149 3916 ttnuu.
1177 3856 1371 3928 quaruobram
1396 3855 1498 3920 Petrus
1520 3853 1665 3931 morant,
1693 3855 1829 3922 sudeus
1854 3858 1909 3922 het

143 3954 273 4029 tommo,
292 3969 382 4033 quam
408 3969 455 4017 pes
477 3954 550 4030 ipsa,
574 3961 603 4015 es
626 3954 772 4030 pontificis
792 3955 927 4032 majoma
951 3956 1007 4015 sep.
1050 3952 1160 4006 uotam
1187 3946 1434 4022 perturbationem
1466 3964 1641 4025 magnopere
1677 3947 1840 4022 miseratus,
1868 3950 1908 4012 ad

144 4052 196 4119 ret,
216 4042 394 4120 pertinacius
414 4050 568 4117 renueret;
594 4042 718 4104 amensit
736 4044 855 4119 quidem
871 4044 1005 4121 pontifex
1048 4037 1201 4099 hominem
1214 4037 1335 4099 scribit:
1354 4037 1449 4100 tribus
1463 4038 1551 4100 illum
1562 4038 1623 4116 iant
1638 4039 1831 4104 convcudbus
1844 4055 1908 4100 esse

143 4134 521 4211 antecrescentem
534 4148 652 4210 penum
669 4134 702 4195 in
721 4150 791 4196 eum
807 4135 1005 4200 centenarium
1047 4128 1230 4202 damnatum,
1254 4132 1282 4189 et
1306 4132 1359 4198 ter,
1386 4125 1412 4189 sl
1436 4144 1497 4190 non
1519 4127 1630 4204 judicio
1655 4128 1848 4203 sacerdotum,
1876 4136 1907 4192 at

143 4224 292 4288 consutuit
308 4242 316 4287 t
333 4239 392 4301 qua
408 4240 495 4301 prona
513 4225 667 4285 tenebatur
690 4223 728 4285 ad
750 4224 931 4286 iaciendum
954 4240 1005 4301 per
1048 4219 1149 4284 saltem
1162 4217 1262 4296 legum
1275 4220 1444 4282 aucmritate
1456 4219 1632 4284 abdicatum.
1649 4221 1686 4284 Et
1700 4222 1839 4300 quoniam
1857 4220 1906 4282 iu·

143 4320 262 4382 centum
280 4330 382 4390 annos,
403 4313 544 4393 quotidie,
562 4312 734 4380 uerberibus
752 4314 908 4391 abductis,
925 4316 1003 4391 psal·
1048 4318 1102 4376 stet
1120 4311 1291 4372 Osboriense
1308 4309 1476 4386 concilium,
1497 4329 1528 4374 se
1546 4329 1612 4390 quae
1632 4312 1689 4374 dici
1706 4330 1760 4389 pro
1782 4319 1907 4392 udoque

143 4417 226 4470 mum
244 4404 532 4482 quinquagesimum,
551 4419 610 4480 quo
636 4418 707 4466 usus
734 4410 777 4465 est
804 4404 907 4479 David,
936 4420 1004 4466 cum
1047 4401 1168 4479 possint,
1188 4418 1344 4479 exponere,
1362 4401 1447 4481 quasi
1469 4404 1624 4482 cuiusdam
1645 4402 1781 4479 praeludii
1807 4418 1904 4478 causa,

142 4504 278 4577 stuprum
307 4496 468 4570 Bersabee,
495 4500 525 4556 et
549 4492 653 4555 marito
680 4494 745 4569 ejus
770 4498 893 4557 mutem
917 4494 1144 4614 obdu-Deciis:
1163 4500 1249 4571 atque
1263 4510 1314 4571 per
1327 4483 1675 4570 huncmodurn'jnibus
1688 4501 1822 4556 aoenrate
1836 4509 1906 4571 per·

142 4592 244 4665 tbset3
267 4589 411 4665 illumque
434 4588 551 4650 Nathm
572 4587 760 4650 uehementer
780 4593 952 4661 accusasset,
970 4605 1005 4650 ac
1045 4586 1154 4663 pensis,
1184 4584 1344 4646 cadaloum
1379 4583 1450 4646 vitio
1486 4584 1596 4646 iactum
1631 4600 1705 4660 csse,
1733 4582 1907 4659 planissima

144 4680 328 4742 umbratur:
348 4676 443 4740 Deum
471 4679 531 4738 tam
557 4678 658 4753 grona
684 4678 792 4740 scelera
817 4692 1004 4754 nequequam
1045 4676 1181 4739 ostendit.

143 4766 300 4844 impunita,
338 4771 427 4840 atque
457 4763 554 4826 inulta
582 4765 754 4830 relicturum
783 4769 819 4843 (11
841 4771 909 4840 lieo.
938 4770 1003 4843 su).
1080 4765 1190 4826 Eodem
1214 4782 1293 4828 anuo
1319 4764 1419 4842 timet,
1445 4765 1549 4827 Petrus
1571 4762 1714 4838 Damiani,
1737 4779 1825 4841 quem
1848 4765 1907 4826 hoc

146 4857 265 4922 Subicit
290 4856 367 4918 hanc
393 4868 509 4931 paenam
537 4856 663 4918 libenter
697 4858 812 4933 Petrus,
850 4865 1005 4937 memeque
1045 4856 1119 4930 loco,
1135 4856 1178 4916 uti
1200 4871 1288 4932 supra
1305 4855 1471 4930 docuimus,
1491 4854 1618 4915 loannes
1640 4852 1819 4916 Tritbemius
1840 4852 1906 4930 epi·

146 4945 314 5010 incoluit
338 4942 611 5021 ardorpoenitendi,
635 4952 668 5008 ut
691 4946 1005 5025 annuoiilamsputio
1046 4962 1166 5022 scopum
1196 4945 1373 5007 arunaleru
1406 4944 1554 5022 appellat,
1588 4945 1621 5006 iu
1651 4943 1837 5006 Germaniam
1867 4943 1907 5004 ab

146 5038 336 5100 exhauserit:
352 5043 382 5100 et
399 5041 433 5100 ut
451 5049 490 5098 ex
508 5034 673 5100 Helinaudo
693 5042 812 5099 testatur
828 5037 860 5097 in
883 5037 1005 5114 Speculo
1046 5036 1213 5100 Meaaouro
1226 5036 1481 5115 pontitlcelegatus
1492 5043 1534 5098 est
1548 5035 1703 5097 missusob
1713 5051 1777 5098 mm
1788 5048 1907 5096 cauum

147 5141 201 5188 suo
227 5124 409 5202 Vincentius,
430 5125 577 5188 Domimd
601 5126 771 5202 exemplum
795 5125 928 5200 habetur,
953 5129 1006 5203 qui
1046 5129 1124 5205 quod
1142 5127 1288 5189 Henricus
1307 5128 1403 5188 Cesar
1424 5126 1541 5189 nullum
1555 5126 1700 5188 omitteret
1714 5123 1846 5188 avaritiae
1858 5139 1905 5200 ge

147 5214 238 5278 lorica
265 5214 358 5276 ferrea
384 5217 421 5278 ad
446 5233 566 5280 earnem
594 5216 725 5289 indutus,
757 5216 876 5278 cuculle
904 5217 1006 5279 ferreis
1046 5234 1105 5281 uus
1123 5218 1155 5278 iu
1172 5217 1266 5279 Deum
1287 5217 1498 5293 hominesque;
1521 5215 1599 5292 plebi
1620 5214 1746 5277 studeret
1764 5214 1906 5275 adeamus

147 5306 263 5370 duobus
279 5304 401 5378 cinctus,
421 5306 597 5385 totidemque
617 5323 670 5384 pcr
692 5321 789 5369 armos
808 5306 1005 5382 brachiorum,
1047 5308 1228 5370 nobilitatem
1242 5324 1277 5368 ac
1289 5307 1453 5383 principcs3
1468 5306 1568 5367 omnia
1582 5303 1611 5366 vi
1631 5303 1724 5380 magis
1738 5319 1826 5382 quem
1838 5304 1907 5378 jure

148 5401 260 5459 armata
292 5392 386 5468 scopis
422 5399 544 5470 uimque
580 5411 690 5468 rnanu,
722 5395 839 5469 nudus,
870 5394 1006 5471 psalteria
1047 5406 1160 5475 ageret,
1195 5400 1375 5476 episcopatus
1410 5404 1438 5458 et
1471 5393 1600 5456 abbatias
1625 5394 1721 5467 palam
1746 5391 1904 5464 vauderet;

149 5483 315 5558 amdam,
339 5487 427 5544 mem
450 5488 563 5545 nocem
587 5485 662 5546 nibil
684 5484 843 5559 dormiens,
869 5482 1007 5561 postridie
1047 5490 1145 5565 opime
1166 5488 1376 5554 monachorum
1396 5485 1505 5563 praedia
1527 5483 1718 5548 sectatoribus
1740 5482 1803 5544 suis
1826 5479 1906 5557 turpi

149 5575 306 5653 permisit,
333 5579 364 5636 et
389 5573 426 5635 de
456 5575 540 5637 tertio
566 5574 680 5637 decimo
705 5575 742 5635 ud
771 5579 851 5636 doctr
878 5593 1004 5650 quorum.
1047 5576 1200 5654 mudena
1226 5577 1375 5641 tribueret
1399 5575 1445 5636 Ad
1470 5575 1534 5636 hec
1559 5588 1628 5636 cum
1651 5573 1775 5650 conjuge
1795 5568 1904 5637 uerba

150 5663 247 5745 uultu
264 5664 399 5741 exemplo
420 5662 477 5728 nri
503 5679 614 5729 mcum
640 5664 796 5731 inolevisse
820 5668 853 5732 in
875 5665 937 5734 suls
957 5682 1005 5730 re·
1049 5665 1170 5734 Othonis
1182 5666 1361 5734 marehionis
1373 5663 1541 5740 litardius
1555 5662 1634 5734 baud
1648 5662 1688 5730 ita
1701 5660 1753 5730 diu
1768 5657 1931 5724 anteeibi·
