4100 6209
245 213 302 275 003
549 215 579 275 S.
592 214 694 274 ibini
712 212 853 276 uadunt
872 210 947 270 uri.
967 210 1057 267 PARS
1077 211 1142 269 still
1160 211 1279 285 lubus
1297 213 1329 270 ΙΙ.
1345 246 1381 257 -
1396 214 1591 274 subitonus.
1672 211 1678 220 ’
1825 214 1882 273 8ss
1925 292 1933 303 ¹

237 334 283 398 bis
295 332 409 405 legimus
420 334 575 408 protrrliase.
588 334 639 393 Cui
662 334 791 390 nimirum
815 347 877 390 narn
901 330 1029 387 Salvator
1043 330 1068 392 Α
1080 329 1175 397 stipat,
1186 345 1288 402 easque
1302 332 1337 388 ad
1358 331 1493 389 cautelam
1508 332 1572 394 lldei
1590 341 1619 388 et
1633 332 1753 389 stadium
1766 331 1885 389 siucerae

238 426 362 486 diceret:
381 442 392 478 r
406 424 558 494 burunisqui
571 425 639 482 ririt
650 434 679 482 et
694 426 781 482 eredit
794 424 822 482 ln
836 439 882 484 me
894 439 949 481 non
970 439 1031 481 mo·
1082 420 1235 479 dilectionis
1247 421 1353 479 inritat.

240 514 620 588 rieturintelernumldorrr.
637 516 694 589 ar)·‚
715 515 1030 589 ratquesublungereta
1118 511 1165 570 Sic
1195 513 1289 583 itaque
1317 512 1492 570 inenarrabili
1518 512 1663 570 charitatis
1687 512 1788 569 artiore
1817 525 1886 566 tuc-

242 628 252 662 ι
269 608 364 665 Credis
376 608 448 664 bocl
465 627 474 659 ι
489 607 562 665 illico
574 609 669 664 eodem
685 608 801 681 Spiritu,
815 625 870 681 quo
883 617 911 666 et
922 608 1031 676 Petrus,
1082 619 1192 670 census,
1203 605 1259 661 lnuc
1270 603 1386 675 illucque
1398 620 1429 662 se
1438 602 1687 675 uertens.undique
1697 601 1884 667 circumiens.

239 695 388 768 inspirante
400 696 564 768 respondit:
583 714 594 751 ι
613 697 797 769 bgocredirti,
811 698 910 770 inquil,
923 697 988 770 quia
1003 707 1032 753 tu
1082 695 1183 767 ubique
1196 694 1354 753 discurrens
1374 694 1466 752 omnia
1480 695 1515 750 ad
1537 693 1653 752 salutem
1672 693 1815 750 bominum
1837 708 1890 763 ge·

237 801 270 843 cs
282 786 407 846 ebrietes
421 786 507 844 Filius
516 785 565 845 uei
579 787 644 854 riri,
660 789 745 859 quiin
758 789 1032 851 bunomundumre-
1083 804 1148 844 nera
1163 790 1294 854 concitat,
1306 788 1397 845 omnia
1410 796 1521 843 aetatum
1535 787 1704 844 incrementa
1718 785 1884 857 perlustrat,

238 881 305 938 nisti
320 880 429 952 (luta).
447 900 464 936 ι,
1082 894 1179 936 ornnes
1202 880 1328 935 bumana
1349 878 1513 936 conditionis
1532 878 1645 936 ordiner
1663 877 1743 934 oculo
1765 878 1885 934 camon

273 971 344 1041 putu
359 982 451 1031 ιιιιοιιι
470 974 583 1042 mirum,
597 974 621 1030 si
634 973 769 1031 ioannem
783 975 817 1030 rie
830 972 975 1030 divinitate
993 974 1034 1031 lo-
1083 970 1274 1028 sollicitudinis
1289 969 1446 1043 investigat,
1472 977 1501 1025 et
1522 978 1652 1039 tanquam
1664 969 1756 1041 argm
1774 968 1885 1024 unirer·

238 1073 381 1136 quetutem,
399 1066 480 1124 beato
492 1065 575 1122 Petro
592 1065 847 1138 pretorianorum
860 1064 925 1122 illud
945 1065 1034 1121 Eran-
1083 1059 1150 1116 salis
1173 1059 1303 1117 Ecclesiae
1327 1059 1428 1126 lactus,
1449 1059 1534 1117 totius
1548 1058 1660 1115 bomani
1676 1057 1785 1131 geum
1807 1073 1882 1114 suaa·

237 1153 301 1227 potu
314 1156 357 1212 rut
371 1155 509 1228 augurare
522 1156 686 1229 principum
701 1156 759 1229 apsa
773 1157 856 1221 oum
875 1157 959 1214 veroa
980 1156 1036 1214 oo
1084 1149 1262 1216 naudus
1283 1159 1405 1221 misma
1427 1149 1591 1218 dilectionis,
1610 1149 1786 1226 aqueum
1799 1158 1885 1220 arque

238 1246 350 1314 mimica,
365 1245 389 1303 ui
402 1246 456 1302 diei
468 1246 561 1316 liceat,
575 1248 708 1304 excedere
720 1246 880 1303 rideamus?
892 1245 949 1303 Nee
964 1244 1036 1316 injur·
1084 1241 1119 1296 ad
1132 1240 1324 1311 Redemptoris
1337 1240 1379 1296 sui
1394 1239 1564 1298 consortium
1580 1240 1690 1297 trabere
1701 1254 1886 1311 unumquem-

237 1340 280 1396 ria
303 1339 336 1395 ilt
355 1340 532 1413 liedunptoci
557 1349 661 1407 nostro,
686 1340 710 1397 si
736 1341 843 1397 dicatur
866 1341 926 1412 ipss
949 1340 1036 1398 urbii.
1084 1346 1138 1405 que
1162 1332 1302 1404 sigillatim
1325 1333 1498 1390 admonendo
1520 1340 1648 1390 ematur.
1673 1333 1759 1388 inor
1781 1331 1886 1403 quippe

238 1429 311 1485 anius
322 1428 426 1501 aliquid
438 1432 599 1503 depromere
622 1445 672 1503 por
693 1430 856 1502 discipulum
878 1447 960 1504 quarn
985 1446 1035 1504 per
1085 1424 1204 1493 bomini,
1214 1437 1271 1496 quo
1291 1440 1354 1483 eum
1367 1439 1424 1496 prae
1437 1424 1545 1482 cunctis
1557 1421 1718 1481 mortalibus
1739 1422 1838 1478 dilexit
1854 1430 1886 1478 et

238 1519 427 1590 semetipsum,
438 1529 466 1576 ct
478 1535 529 1591 per
538 1520 610 1578 illius
625 1521 743 1594 linguam
756 1521 900 1580 manifeste
911 1523 1040 1596 proterre—
1085 1516 1429 1588 liiiiliiliiiiidliifiiiiiiiae
1446 1517 1601 1574 (illiciiiiiii
1612 1515 1749 1580 eihibiiii·
1762 1526 1791 1571 iil
1802 1515 1885 1571 ninii·

237 1610 311 1681 qaod
323 1611 564 1684 persemetipsum
578 1613 681 1684 liquido
704 1613 792 1674 noltuit
817 1616 934 1687 aperire.
953 1616 1033 1685 liam,
1085 1623 1145 1664 rum
1165 1609 1227 1680 plus
1242 1619 1352 1665 miii
1368 1609 1415 1680 qui
1431 1607 1491 1682 pius
1505 1609 1658 1676 imiimi,
1672 1616 1703 1663 0¹
1715 1607 1763 1678 qni
1776 1608 1885 1679 primu

238 1707 270 1756 ut
280 1708 310 1757 et
323 1701 370 1759 bie
382 1702 506 1773 quadam
521 1704 610 1761 adbuc
625 1703 697 1761 inter
718 1706 831 1763 eosdem
848 1706 945 1764 beatus
965 1722 1033 1779 apo-
1049 1688 1146 1756 flerat
1162 1699 1190 1755 in
1210 1699 1400 1772 Redemptoris
1413 1714 1509 1760 amore
1530 1699 1684 1770 precipuus
1705 1697 1734 1754 ia
1757 1696 1884 1753 irateraa

238 1789 324 1848 stotur
338 1792 508 1862 comparatio
523 1792 658 1858 rideatun
682 1795 736 1852 boc
756 1796 838 1853 beato
858 1795 956 1855 loanni
980 1800 1036 1856 llo·
1086 1792 1164 1850 beret
1181 1792 1326 1849 manure

237 1880 328 1938 minas
354 1882 491 1948 mucescit
526 1883 553 1939 in
579 1883 681 1951 verbis,
707 1886 781 1956 quod
806 1894 835 1946 et
856 1886 942 1945 Petro
967 1904 1036 1946 coa-
1120 1881 1257 1950 Quantum
1275 1889 1367 1937 autem
1389 1881 1461 1953 apud
1475 1878 1620 1936 iimninum
1644 1877 1809 1950 irapetraedi
1836 1878 1882 1935 le-

228 1967 301 2024 tulit
320 1967 403 2042 m
424 1969 452 2028 ia
475 1970 627 2040 miraculis,
641 1973 770 2032 uidelicet
779 1982 811 2031 ut
827 1984 856 2033 et
869 1976 922 2034 iste
934 1977 1034 2036 altiora
1072 1979 1257 2044 'remquam
1277 1971 1423 2044 precipuae
1443 1968 1639 2026 familiaritatis
1664 1967 1785 2024 ioannes
1809 1968 1885 2025 obti-

237 2057 374 2130 proterret
396 2068 424 2117 et
440 2059 488 2118 iile
508 2060 657 2133 maioribus
681 2063 813 2121 virtutum
833 2066 966 2140 prodigiis
987 2082 1037 2125 eo·
1086 2064 1178 2121 auerit
1190 2063 1373 2136 pririlegium‚
1387 2061 1452 2120 binc
1462 2061 1636 2118 manifestius
1644 2060 1774 2133 colligere
1786 2075 1885 2130 posen-

237 2159 373 2208 ruscareb
396 2150 426 2208 lu
449 2151 635 2224 apostolorum
656 2156 730 2212 enim
744 2155 858 2215 Actibus
881 2158 1036 2217 invenimus
1085 2168 1164 2221 utus,
1177 2153 1252 2225 quod
1265 2152 1336 2209 idota
1351 2153 1449 2209 beatus
1473 2149 1640 2223 euangelista
1664 2159 1791 2215 tertam,
1816 2151 1885 2222 quia

237 2242 301 2312 quia
314 2241 346 2299 in
357 2242 454 2315 plateis
476 2241 624 2313 ejiciebant
637 2244 772 2314 infirmos,
795 2255 824 2305 et
846 2249 984 2320 ponebam
1006 2250 1035 2306 in
1086 2245 1115 2303 la
1133 2244 1194 2316 ipro
1206 2242 1298 2310 vitalis
1319 2257 1405 2300 otene
1423 2240 1549 2300 oonrido
1564 2240 1644 2315 341
1665 2239 1746 2298 iceras
1759 2240 1886 2297 urbatus

238 2333 733 2408 leuntsugrdrbaris,ur,reniouce
751 2338 845 2406 Petro,
865 2341 1036 2398 saltemum·
1085 2347 1130 2396 est
1141 2338 1249 2411 spiritu,
1274 2345 1303 2395 et
1325 2343 1493 2409 protestatus
1515 2344 1571 2400 est,
1593 2344 1624 2390 et
1638 2333 1709 2390 dixit
1723 2350 1757 2389 :r
1782 2333 1885 2399 Amen.

237 2425 287 2482 bre
303 2425 385 2483 iliius
398 2426 576 2485 obumbraret
590 2425 757 2502 quemqnam
781 2430 890 2488 illorum
912 2441 943 2490 et
964 2431 1035 2490 libe·
1086 2443 1165 2486 arsen
1177 2428 1239 2486 dico
1252 2427 1339 2494 robis,
1353 2427 1418 2499 quia
1433 2441 1505 2484 unua
1517 2440 1552 2483 ea
1573 2424 1652 2483 robis
1676 2424 1768 2482 uadet
1788 2440 1843 2481 rue
1870 2442 1882 2478 ι

238 2527 367 2576 errentur
378 2519 415 2576 ab
427 2519 633 2586 infirmitatibus
643 2522 783 2596 suisldct.
797 2523 845 2594 iit
856 2523 928 2596 qnod
943 2532 1034 2581 tamen
1087 2521 1191 2580 Deinde
1204 2519 1658 2592 sequiturarbspiciebantergoad
1669 2519 1786 2576 inrioeaa
1797 2517 1885 2575 disei-

237 2608 383 2665 ilominum
405 2608 651 2685 lecissenusquam
673 2598 892 2687 t'egtmusmper
909 2615 1035 2673 umbram
1086 2612 1143 2686 puli
1163 2611 1379 2690 hesitantemde
1401 2626 1455 2681 quo
1469 2610 1584 2667 decret.
1602 2627 1613 2663 ι
1633 2608 1749 2679 lloaque
1769 2606 1885 2677 uuision-

237 2698 364 2755 eidelicet
375 2701 418 2756 sui
432 2705 557 2772 corporis
580 2704 732 2761 remedium
746 2706 873 2762 sanitatis
891 2706 974 2763 alicui
994 2714 1048 2762 at··
1087 2702 1150 2774 git:
1169 2720 1179 2754 ι
1194 2701 1262 2758 llrat
1274 2715 1341 2774 ergo
1360 2701 1522 2758 recumbens
1537 2715 1608 2757 nnus
1620 2715 1656 2756 ex
1667 2698 1808 2769 discipulis
1821 2700 1884 2770 eins

239 2786 343 2844 unierit.
362 2788 419 2846 sm
433 2794 507 2861 qood
525 2792 652 2864 predixit
670 2794 802 2859 exhibuit,
822 2795 896 2865 quod
910 2796 1036 2867 promisit
1087 2795 1117 2851 ln
1143 2796 1204 2852 ιίιι
1225 2791 1303 2859 lema,
1325 2807 1407 2864 quem
1435 2790 1564 2864 diligebat
1586 2789 1677 2848 lesus
1699 2790 1790 2847 lnnuit
1815 2803 1884 2860 ergo

238 2878 369 2951 applaria,
382 2879 450 2937 rim
462 2880 490 2938 ip
513 2882 635 2955 mumdum
648 2882 763 2942 ioannis
775 2884 923 2958 Evangelio
942 2865 1034 2947 dicia:
1087 2885 1153 2943 bule
1166 2877 1380 2949 SimonPetrus,
1399 2892 1429 2939 et
1441 2882 1508 2940 dicit
1520 2881 1546 2938 ei
1560 2899 1568 2937 :
1582 2881 1650 2950 Quis
1664 2890 1707 2937 est
1726 2882 1828 2954 dequo
1841 2882 1886 2938 di-

240 2970 364 3037 iAiieiu
382 2979 463 3038 amen
474 2974 636 3044 dicorobis,
649 2977 696 3049 qui
712 2977 802 3035 credit
824 2979 852 3034 ln
871 2994 925 3046 me,
940 2995 1034 3053 opera,
1087 2981 1149 3038 citl
1166 2999 1178 3034 ι
1199 2979 1289 3050 Atque
1301 2987 1332 3034 ut
1347 2977 1469 3035 bistorlae
1490 2976 1562 3049 stylo
1576 2991 1632 3032 non
1655 2983 1761 3043 tenear,
1781 2973 1883 3033 hanni

237 3075 299 3131 quae
309 3077 360 3135 ego
376 3063 458 3131 lacio,
472 3075 501 3122 et
514 3066 572 3138 ipse
589 3066 682 3136 iaciat,
705 3052 734 3125 et
752 3068 855 3139 majora
877 3073 976 3131 luorum
991 3073 1036 3131 la·
1048 3043 1074 3109 G
1088 3085 1153 3127 taor
1165 3068 1343 3140 interroganti
1359 3067 1490 3125 domium
1509 3066 1667 3138 respondit:
1683 3083 1695 3119 r
1712 3065 1760 3121 ille
1771 3074 1824 3132 est,
1836 3065 1883 3123 eui

237 3153 304 3220 siet,
317 3154 381 3225 billi
395 3168 448 3228 idi
460 3157 495 3224 ad
514 3157 625 3226 Piii'im
644 3173 735 3232 mum
748 3161 820 3218 rado
831 3160 924 3233 (loon.
939 3163 1006 3237 ιιι).
1024 3183 1034 3219 ι
1086 3175 1138 3235 ego
1148 3161 1294 3217 intinctum
1308 3173 1405 3231 mnam
1420 3171 1570 3230 porrexero
1582 3155 1677 3230 (lora.
1691 3156 1766 3228 ιιιι).
1783 3175 1795 3210 ι

237 3243 384 3302 Ειιὶιιιιιιι
396 3246 457 3318 ipse
467 3248 635 3319 operabatur
647 3249 675 3305 in
694 3250 787 3318 Petro,
807 3252 866 3324 lpse
878 3253 985 3313 locutus
996 3265 1038 3314 est
1121 3254 1145 3313 0
1167 3254 1320 3312 mirabilem
1341 3261 1424 3325 atque
1449 3251 1690 3325 incomparabilem
1715 3251 1826 3317 rtrum.
1853 3258 1885 3308 et

237 3335 268 3398 ia
280 3334 396 3393 Joaurre.
411 3357 422 3392 r
441 3337 503 3396 Non
514 3341 600 3406 enirn,
612 3341 712 3414 inquit,
725 3357 775 3401 vos
786 3346 864 3412 estis,
886 3347 933 3418 qui
946 3347 1037 3421 loqui-
1086 3346 1160 3404 omni
1177 3344 1339 3403 Gbn‘stianae
1352 3344 1503 3402 devotionis
1516 3342 1653 3416 praeconio
1665 3341 1882 3414 pmlerendutl

237 3425 317 3497 mial,
331 3427 381 3485 sed
403 3428 521 3501 Spiritus
535 3429 627 3489 rante
639 3432 733 3501 ratri,
746 3431 793 3504 q‘ui
807 3433 929 3507 loquitur
942 3437 971 3494 in
986 3453 1037 3496 ro·
1087 3439 1159 3496 Ecce
1180 3438 1293 3495 uerbum
1306 3434 1445 3509 prolertrrr
1458 3435 1485 3491 in
1508 3432 1646 3501 medium,
1658 3440 1687 3489 et
1706 3440 1778 3489 telus
1792 3440 1883 3499 hcet.

237 3518 281 3577 5¹
295 3517 407 3592 (Harl.
422 3520 495 3592 ¹)·i
1087 3543 1121 3586 ac
1143 3527 1195 3584 surb
1213 3525 1315 3584 silentii
1336 3539 1453 3582 censura
1465 3521 1626 3595 reprimitur
1646 3530 1884 3592 senatusaposte-

274 3607 765 3682 ucnmmrupsbaauuiouuneset
779 3615 1039 3687 praesumtorem
1086 3620 1193 3687 lemma
1210 3626 1286 3675 ιιιιιι
1306 3616 1441 3689 siquidem
1466 3614 1590 3688 magistri
1613 3613 1784 3684 presidentia
1807 3614 1885 3670 risle

238 3711 289 3756 ses
306 3712 340 3758 ac
358 3700 560 3771 subsequentes
579 3701 732 3760 diuinorum
754 3705 903 3778 scalptores
925 3708 1039 3766 volumi·
1087 3713 1168 3769 batur
1191 3708 1356 3774 auctoritas,
1379 3715 1409 3763 ut
1428 3707 1480 3764 sub
1502 3706 1627 3763 districta
1648 3721 1678 3764 se
1697 3715 1885 3778 oompucerm

237 3803 314 3856 aum,
329 3788 415 3861 gloria
435 3790 581 3862 singularis
593 3795 725 3864 praeeedit
741 3794 854 3867 eloquii,
875 3812 957 3869 quem
982 3815 1036 3856 non
1087 3805 1166 3862 beata
1181 3801 1375 3874 discipolorum
1389 3799 1485 3858 concio
1495 3797 1647 3871 discipliaa.
1661 3797 1809 3865 limant,
1824 3813 1885 3854 aar»

237 3879 345 3938 lururh
367 3881 477 3952 pounb.
500 3895 554 3940 non
575 3884 661 3942 libido
678 3887 812 3957 corrupit,
833 3888 884 3945 sed
897 3889 1039 3961 virginalis
1087 3894 1200 3966 bigast,
1220 3899 1302 3963 atque
1322 3891 1395 3947 inter
1418 3904 1449 3946 se
1473 3889 1589 3947 invicem
1613 3889 1754 3947 eeulorun
1770 3888 1884 3946 aarum

237 3973 380 4048 integritas
394 3986 533 4049 perpetuae
546 3978 758 4051 lrroorruptionia
782 3979 861 4038 titulo
885 3974 1036 4040 decorarit.
1086 3984 1287 4057 quodammodo
1308 3985 1507 4053 interrogantes
1523 3979 1679 4053 ιιιιὶοιιιιιις
1693 3989 1884 4037 verumtamen

208 4069 211 4086 ¹
236 4063 290 4133 ort
315 4064 445 4122 nimirum
460 4068 588 4138 nuptialis
610 4070 715 4141 copulae
733 4072 881 4129 tbalamum
897 4076 1036 4143 deserens,
1087 4075 1179 4147 lingua
1200 4072 1325 4145 prolerre
1344 4071 1419 4142 quod
1442 4070 1580 4143 gestium.
1594 4070 1636 4127 rel
1655 4069 1800 4126 bominum
1815 4086 1885 4127 eura·

236 4168 348 4209 omnem
370 4153 507 4210 illecebra
532 4156 652 4213 manalis
675 4160 800 4215 araurem
831 4160 859 4215 in
883 4161 1037 4218 coelestiunn
1086 4166 1192 4222 sulcante
1218 4162 1432 4234 inquireremus
1454 4167 1632 4232 presumunt.-
1655 4157 1740 4217 'iacet
1761 4160 1883 4228 Petrus.

237 4242 397 4301 deliciarum
421 4246 559 4303 transtulit
577 4248 754 4318 adinpletum,
776 4251 984 4324 arctissimeque
1006 4270 1037 4311 se
1086 4265 1160 4312 tacet
1172 4253 1234 4312 cteli
1249 4252 1451 4310 cuniculariae.
1467 4252 1553 4310 Taoel
1566 4250 1687 4326 &nimae
1706 4251 1808 4324 bugsa,
1821 4267 1884 4325 qua

236 4334 266 4391 in
288 4335 331 4390 sui
355 4332 547 4408 liedemptoris
567 4352 601 4395 ae
621 4337 760 4397 dilectoris
774 4353 867 4398 amore
884 4341 1034 4415 conlmrrit,
1087 4345 1172 4402 claris
1195 4343 1265 4400 laeta
1284 4343 1433 4410 coelorum,
1446 4341 1545 4399 crelam
1558 4341 1639 4399 simul
1658 4351 1687 4399 et
1700 4351 1806 4399 terrm
1817 4343 1884 4417 ligat

235 4433 348 4498 popter
360 4441 443 4499 quen
468 4428 574 4487 euleu
593 4430 744 4504 mauman
759 4433 811 4490 un
833 4431 936 4491 rouen
957 4434 1036 4491 sous
1049 4394 1115 4491 ”a
1138 4433 1227 4491 sunu
1251 4432 1335 4489 raca
1348 4433 1388 4500 a,
1409 4431 1537 4502 rumen.
1551 4432 1594 4489 oa
1609 4441 1695 4503 porus
1715 4431 1813 4488 msera
1828 4447 1883 4488 aa·

235 4515 564 4580 camaudulienses
590 4522 630 4579 illl
656 4537 816 4586 eoncessum
841 4534 883 4582 est
906 4536 937 4583 ιιι
959 4536 1033 4583 muta
1085 4525 1312 4597 praesumpsi
1325 4522 1425 4595 ligandi
1449 4523 1555 4579 mrlmus
1574 4531 1658 4594 atque
1674 4521 1885 4581 seirerrdiolsti·

235 4605 536 4678 eorqlusetiameirca
548 4612 648 4671 iratres
658 4614 899 4689 charbatlsgratia
912 4618 1033 4690 replere·
1085 4624 1133 4671 net
1153 4614 1335 4686 principatum
1352 4611 1463 4684 (Noui.
1487 4612 1554 4685 arr).
1581 4612 1648 4670 Silet
1668 4614 1811 4680 Andrus.
1835 4614 1884 4683 qni

236 4705 291 4764 tur,
306 4707 553 4758 utsacrosunctum
575 4705 696 4775 pectoris
719 4705 932 4778 ejustnnptum
958 4709 1034 4765 telrrt
1085 4707 1137 4778 ipsi
1157 4705 1234 4762 tratri
1258 4705 1292 4761 ad
1312 4706 1417 4761 toruum
1437 4704 1501 4761 rita
1524 4705 1641 4775 praeriim
1661 4704 1711 4760 [ιιι
1732 4705 1826 4776 (lara.
1848 4708 1882 4774 ul.

225 4787 361 4867 'ominus
384 4789 496 4861 quidam
522 4792 611 4850 dirim
629 4795 768 4853 rideretur
795 4797 923 4855 incendi.
956 4798 1035 4867 Quod
1086 4798 1145 4855 lion
1170 4797 1291 4869 loquium
1305 4797 1440 4864 rioms,
1465 4797 1513 4868 qui
1537 4797 1610 4853 riam
1632 4811 1663 4854 se
1685 4796 1794 4854 nescire
1820 4814 1885 4870 pro·

235 4880 361 4950 mulceto
385 4881 414 4937 ira
439 4881 606 4956 qra'baslibet
637 4885 789 4958 scriptula
821 4887 881 4958 eius
908 4898 1034 4964 patenter
1084 4889 1188 4955 lessus,
1209 4888 1335 4944 eumdem
1357 4899 1419 4944 esse
1439 4887 1534 4955 dam,
1556 4887 1700 4945 veritatem
1720 4896 1751 4943 et
1777 4888 1882 4950 eitam.

170 4981 173 4988 ⁴
235 4970 402 5045 musitae,
422 4972 450 5030 in
465 4974 565 5045 quibus
580 4977 675 5049 atique
693 4989 743 5049 per
756 4977 936 5035 omnemlere
955 4975 1033 5052 pirgi-
1083 4977 1143 5050 ipso
1166 4976 1317 5045 merente,
1330 4977 1457 5048 cognorit
1476 4976 1569 5049 (lora.
1583 4976 1651 5049 ιιι).
1666 4976 1725 5033 lion
1740 4980 1885 5050 amnis

235 5074 310 5126 nam,
329 5061 409 5133 quasi
428 5065 622 5135 perquaedurn
636 5066 731 5133 ιιιιιιι,
756 5067 899 5124 ebaritatls
916 5083 1032 5139 vapores
1081 5083 1113 5124 os
1137 5067 1245 5139 aperire
1271 5066 1428 5138 Philippus,
1454 5066 1500 5139 qai
1527 5067 1593 5124 dnm
1621 5066 1732 5125 Patren
1756 5067 1811 5124 sitii
1836 5084 1884 5137 pe

234 5150 394 5222 dudem,
417 5154 562 5213 ebaritatla
594 5157 702 5215 rideam
733 5159 878 5216 aidoneus
904 5168 1030 5217 estuare.
1080 5159 1170 5230 poscit
1188 5157 1314 5225 ostend,
1340 5157 1473 5230 protunda
1497 5157 1628 5230 numeria
1653 5157 1802 5213 individae
1822 5155 1885 5212 iri·

235 5239 315 5300 flutio
327 5243 402 5300 subu
423 5253 516 5316 patros
542 5249 704 5306 norainatira
730 5252 772 5306 ad.
789 5250 953 5307 clraritasem
967 5265 1032 5322 pro-
1080 5250 1175 5307 altatis
1199 5250 1303 5307 audiuit
1323 5247 1431 5323 (leid).
1458 5247 1562 5308 οιιιιιιι
1574 5257 1677 5314 unat,
1690 5263 1790 5305 omnes
1806 5249 1885 5304 dibi·

205 5411 207 5416 Ι
235 5341 326 5394 aaut.
341 5334 422 5394 modo
435 5351 490 5394 non
503 5336 584 5406 illies,
599 5339 648 5397 setl
661 5339 770 5407 limbos,
782 5341 860 5412 quasi
878 5350 972 5397 tenere
988 5341 1032 5398 di·
1083 5351 1156 5409 tant,
1169 5342 1324 5399 etlatenter
1345 5340 1499 5412 inquirant,
1517 5355 1573 5396 non
1596 5339 1706 5411 qrridcra
1730 5339 1884 5412 pmktioue

241 5413 348 5475 tantm
369 5425 474 5483 rreltus.
489 5427 569 5485 blodo
580 5431 700 5502 propriis
713 5440 823 5487 astutiam
837 5431 976 5488 roeabuiis
986 5431 1030 5486 in·
1084 5433 1247 5499 veriorum,
1267 5430 1315 5489 sed
1331 5441 1436 5488 unmm
1452 5431 1565 5489 mrum
1577 5430 1730 5488 emiorum.

161 5581 169 5590 g
246 5501 335 5574 “W
349 5515 454 5601 uppem
485 5515 615 5587 juvenes,
635 5519 716 5576 modo
738 5518 876 5593 sigillatim
905 5521 1033 5594 admonet
1121 5521 1175 5579 Sed
1194 5537 1256 5577 crim
1277 5505 1384 5578 res'diu
1404 5519 1456 5578 sub
1469 5521 1521 5579 bac
1534 5520 1714 5594 ambigatus
1732 5520 1883 5592 pum-

238 5597 432 5662 atluiesueatss.
459 5607 539 5666 lodo
559 5608 643 5667 ιιίιιι
667 5611 967 5675 mulierrbuseriatolas
984 5610 1034 5670 de-
1085 5611 1251 5670 usrnodum
1266 5611 1411 5671 mutuatu
1424 5611 1561 5684 quispiam
1584 5610 1756 5681 murres
1771 5611 1883 5669 tum
