4100 6209
226 271 279 334 755
536 270 565 332 S.
587 269 698 330 PETRI
720 266 879 328 DAMIANI
898 265 977 326 OPP.
999 265 1097 326 PARS
1117 265 1189 327 SEU
1208 265 1334 328 TOMUS
1353 267 1391 328 II.
1412 298 1447 334 ·-,
1468 265 1673 330 suhhouss.
1895 280 1935 341 755

228 402 302 461 verit
326 393 452 477 quoque'
469 415 533 459 eam
555 414 624 459 cum
651 395 818 457 sacerdotali
846 398 943 457 Aaron
976 397 1115 471 generes
1162 395 1305 470 Oquauti
1323 397 1400 456 hanc
1414 397 1593 456 vindemiam
1609 395 1696 456 aridis
1713 400 1841 460 mentium
1862 405 1935 466 lanei.

230 489 410 566 cognationis
431 487 568 547 habuisse
595 485 851 561 propinquitatem.
877 484 958 544 Unde
981 486 1008 543 ei
1034 500 1086 558 per
1126 488 1180 549 hus
1199 488 1344 558 sitiebant,
1369 487 1471 563 quanti
1489 487 1524 547 ad
1543 493 1672 546 mustum
1689 490 1847 563 evangelicae
1858 497 1935 568 gratia

230 579 368 652 angelum
384 578 490 636 dicitur
510 601 517 635 z
540 576 605 634 «Et
625 591 689 634 ecce
713 574 859 633 Elisabeth
882 580 1002 647 cognata
1025 581 1084 645 tua,
1125 579 1288 653 pertingere
1310 575 1499 638 inenarrabili
1516 575 1658 636 desiderio
1689 577 1849 650 flagitabant.
1873 583 1935 647 Unde

230 669 341 741 etipsa
365 665 494 739 mucel)it
517 664 612 723 filium
636 664 666 722 1ss
686 669 832 722 Sssssessluli
848 678 901 722 ⁵¹1³
925 666 1083 733 (tuc.1).»
1125 677 1153 728 et
1167 666 1318 741 discipulis
1332 665 1444 724 Veritas
1463 663 1532 724 dicit
1551 683 1558 721 :
1580 666 1701 722 «Amen
1719 665 1778 725 diro
1792 668 1935 747 vobisquid

231 757 267 814 Et
286 757 351 828 jurc
374 753 548 827 Redemptor
571 760 669 811 noster
691 753 726 810 dc
747 751 925 825 sacerdotali,
947 750 1036 811 simul
1058 757 1087 810 et
1126 759 1210 820 multi
1238 759 1393 833 prophetae,
1424 763 1452 815 et
1476 771 1557 829 reges
1583 753 1736 814 voluerunt
1760 753 1825 812 238
1850 760 1933 831 videre,

232 845 309 916 rogia
326 843 511 916 generatione
528 858 643 901 carnem
664 842 808 915 suscipere
832 842 935 912 voluit,
950 843 999 917 qui
1020 842 1086 902 Rex
1125 864 1193 924 quae
1212 863 1263 905 vos
1287 845 1401 915 tinette,
1425 851 1452 902 et
1472 858 1531 903 non
1554 841 1697 910 viderunt,
1721 848 1748 901 et
1770 843 1866 914 audire,
1884 864 1935 922 qua

231 942 298 993 ante
320 931 428 991 saecula
449 932 587 1000 existens,
601 939 699 1004 utpote
717 946 804 990 verus
818 931 958 1002 sacerdos,
979 940 1086 992 semet·
1125 937 1242 1005 auditis,
1257 941 1287 993 et
1304 950 1361 994 non
1378 933 1535 993 audierunt
1551 935 1626 1000 (hue.
1646 935 1721 1000 mx).
1737 953 1750 983 v
1767 931 1804 990 De
1817 934 1861 992 hac
1871 935 1935 997 dnm

232 1022 328 1095 ipsum
345 1020 422 1079 Patri
437 1036 489 1091 pro
505 1019 588 1078 nobis
606 1020 757 1078 suavitatis
771 1019 893 1077 hostiam
911 1020 1083 1081 immolavit.
1127 1042 1249 1101 sponsus
1273 1024 1305 1083 in
1335 1023 1460 1084 Conticis
1489 1021 1667 1080 canticorum
1693 1018 1821 1094 loquitur,
1843 1023 1933 1083 dimne:

231 1112 306 1170 Nam
331 1119 359 1170 et
381 1126 434 1170 rex
455 1109 545 1169 David
564 1127 631 1170 cum
655 1125 743 1184 pones
773 1110 988 1185 propositionis
1013 1126 1086 1186 quos
1128 1116 1295 1176 ‹t'Descendi
1322 1115 1357 1174 ad
1384 1116 1502 1173 bortum
1530 1125 1652 1180 nucum,
1678 1115 1710 1169 ut
1738 1110 1850 1169 viderem
1874 1129 1936 1187 poma

231 1217 288 1259 non
307 1200 409 1260 licebat
424 1200 481 1259 nisi
497 1200 565 1259 solis
579 1200 663 1258 edere
677 1198 875 1259 sacerdotibus
900 1201 1087 1260 manducavit
1126 1208 1315 1278 convallium,
1330 1213 1358 1265 et
1375 1206 1550 1281 inspicerem
1564 1205 1588 1262 si
1603 1202 1745 1263 floruisset
1761 1204 1846 1277 vinea,
1857 1213 1879 1264 et
1889 1223 1935 1279 ges.

154 1344 162 1360 ,
232 1293 270 1353 tlt
281 1295 347 1359 hoq.
366 1289 484 1360 sathin
507 1304 565 1347 uno
583 1287 740 1364 eademque
754 1305 876 1364 persona
895 1290 964 1349 iesu
980 1290 1086 1351 Christi
1127 1295 1286 1354 minassent
1308 1292 1384 1352 mala
1404 1291 1510 1367 punica
1530 1293 1618 1366 (dant.
1637 1292 1715 1363 vti.»
1746 1291 1843 1351 Malum
1858 1294 1937 1368 quippe

233 1379 348 1437 Domini
365 1380 456 1437 nostri
475 1385 633 1453 utrumque
647 1380 790 1451 futurum,
808 1379 838 1437 id
857 1386 909 1446 est,
923 1397 1047 1454 regnum
1060 1389 1088 1441 et
1128 1385 1266 1459 punicum
1292 1397 1388 1442 amara
1411 1381 1530 1455 quidem
1554 1379 1659 1439 cortice
1677 1381 1789 1452 tegitur,
1808 1381 1850 1441 sed
1869 1381 1937 1442 dulcis

231 1468 436 1536 sacerdotium,
458 1467 603 1540 figuravit.
622 1467 681 1525 Nec
708 1467 803 1526 solum
829 1468 970 1528 Mediator
985 1471 1038 1529 Dei
1061 1477 1089 1530 et
1128 1474 1159 1533 in
1185 1473 1249 1547 rius
1274 1470 1408 1546 granulis
1429 1468 1557 1528 suavitas
1589 1468 1754 1528 occultatur.
1785 1468 1849 1529 Sunt
1866 1477 1937 1529 auhn

137 1615 144 1624 ,
234 1556 398 1626 hominum,
412 1556 499 1613 homo
512 1555 654 1625 Christus,
670 1557 733 1614 Rex
756 1562 783 1614 et
800 1555 939 1616 Sacerdos
959 1574 1088 1633 congrue
1127 1560 1272 1633 nonnulli,
1280 1560 1342 1634 qui,
1356 1558 1429 1618 dum
1442 1572 1494 1631 per
1503 1556 1668 1615 afflictionis
1685 1557 1940 1617 amaritudinemcru

233 1643 350 1715 dicitur,
367 1643 417 1702 scd
431 1650 458 1702 et
475 1643 643 1720 quicunque
658 1642 703 1702 illi
715 1644 838 1716 perlecto
852 1661 950 1705 amore
963 1649 1086 1722 eonjun·
1127 1667 1188 1711 cern
1212 1649 1318 1709 Christi
1331 1646 1447 1707 assidue
1460 1645 1611 1722 patiuntur
1625 1645 1656 1704 in
1676 1660 1796 1721 corpore,
1810 1647 1940 1720 peremeris

233 1730 321 1806 gitur,
341 1734 492 1808 utriusque
518 1732 666 1806 dignitatis
695 1733 869 1793 vocabulum
895 1739 1306 1812 promereturpdesiderium
1330 1734 1482 1795 dulcedine
1509 1732 1757 1808 contemplationis
1781 1735 1874 1793 intima
1890 1733 1939 1792 rei·

235 1821 317 1881 Unde
343 1828 372 1881 et
388 1838 440 1897 per
464 1822 582 1882 Petrum
612 1823 719 1882 dicitur
747 1844 753 1882 :
785 1824 877 1884 «Vos
903 1826 971 1885 estis
1000 1843 1093 1900 genus
1134 1829 1252 1888 ciuntur
1271 1827 1302 1885 in
1323 1830 1431 1883 mente.
1452 1822 1528 1881 Mala
1553 1837 1621 1897 ergo
1644 1822 1745 1896 punica
1772 1824 1855 1896 sponsi
1877 1823 1940 1882 vinee

234 1914 367 1983 electum,
384 1915 478 1988 regale
506 1915 708 1986 sacerdotium,
734 1931 806 1989 gens
832 1924 938 1991 sanem,
968 1922 1093 1994 populus
1134 1915 1287 1992 germinat,
1313 1913 1383 1987 quia
1407 1910 1479 1971 tales
1506 1926 1606 1984 parere
1630 1917 1726 1970 sancta
1753 1910 1862 1970 Ecclesia
1881 1926 1938 1969 eun·

234 2002 434 2078 acquisitionis
462 2005 483 2079 (t
500 2008 572 2061 Petr.
599 2005 639 2075 u).
661 2030 674 2054 υ
690 2005 725 2064 Et
752 2007 782 2065 iu
808 2009 982 2084 Apocalypsi
1003 2011 1093 2070 ioan·
1134 2020 1223 2080 quam
1243 2008 1343 2061 cessat.
1369 2001 1410 2060 De
1433 2000 1486 2059 hac
1508 1999 1610 2059 eadem
1629 1999 1712 2058 vinea
1733 1999 1762 2059 in
1780 2000 1871 2059 eisdem
1884 1999 1939 2057 Cau·

235 2091 305 2149 nis:
324 2113 334 2143 v
352 2091 465 2165 Dignus
483 2108 523 2162 es,
540 2091 663 2152 Domine
684 2093 771 2165 Deus,
791 2095 920 2170 accipere
943 2098 1094 2162 librumet
1135 2092 1199 2151 ticis
1216 2103 1321 2165 sponsa
1338 2089 1374 2146 ad
1394 2102 1534 2161 sponsum
1555 2087 1697 2164 loquitur,
1716 2087 1832 2146 diceus:
1857 2085 1940 2145 «hue

236 2180 348 2254 aperire
361 2180 509 2253 signacula
532 2182 611 2254 ejus;
629 2184 767 2258 quoniam
782 2185 893 2243 occisus
911 2201 952 2257 es,
967 2195 996 2246 et
1010 2189 1092 2249 rede-
1135 2195 1289 2255 sulgafflfli
1306 2177 1341 2237 ad
1362 2176 1490 2247 Vineam,
1508 2176 1662 2235 Videamus
1685 2177 1710 2235 ⁸1
1732 2175 1822 2235 fl0l⁰il
1839 2174 1940 2242 illibi

236 2271 315 2328 misti
343 2285 395 2329 nos
414 2270 472 2328 Deo
494 2269 689 2343 insanguine
710 2279 760 2331 tuo
782 2288 820 2331 ex
843 2274 923 2333 omni
951 2276 1038 2350 tribu,
1066 2285 1095 2338 et
1134 2272 1219 2330 flores
1243 2269 1354 2329 fructus
1378 2265 1558 2340 parturiunt,
1576 2264 1601 2323 si
1618 2266 1773 2325 lloruerunt
1787 2261 1941 2339 mala'puuia

238 2358 348 2432 lingua,
371 2367 399 2417 et
426 2358 541 2433 popule,
569 2365 597 2416 et
618 2360 745 2432 natione,
775 2370 803 2420 et
834 2362 925 2421 iecisti
953 2379 1007 2424 uos
1035 2366 1094 2427 Deo
1135 2360 1327 2434 tcant.v11).·
1351 2354 1447 2429 Huius
1465 2353 1560 2413 vineae
1583 2354 1638 2412 ille
1659 2353 1836 2413 vindemiator
1851 2350 1939 2418 exstitit

237 2456 336 2506 nostro
361 2463 494 2519 regnum,
512 2448 681 2522 sacerdotes,
694 2457 721 2509 et
736 2450 922 2523 regnabimus
936 2469 1023 2528 super
1038 2462 1095 2514 ter·
1135 2450 1185 2524 uui
1213 2450 1246 2508 in
1272 2446 1407 2508 torculari
1434 2444 1577 2519 passionis
1600 2461 1666 2504 8⁰³³
1700 2459 1815 2519 Dseffilh
1841 2442 1940 2516 liliinul

236 2553 299 2596 ram
322 2539 416 2610 (Apoc.
445 2538 512 2596 vl.»
541 2538 634 2612 Reges
657 2542 737 2599 enim
763 2556 814 2614 per
837 2540 943 2601 Christi
972 2543 1094 2616 gratiam
1135 2539 1221 2598 nohis
1239 2536 1333 2597 divini
1352 2535 1461 2609 eloquii
1479 2549 1582 2593 sensus
1603 2534 1727 2608 aperuit,
1742 2540 1768 2592 et
1786 2529 1940 2593 vtounnohu

237 2641 351 2694 sumus,
374 2626 444 2701 quia
470 2628 566 2686 crucis
591 2629 733 2688 vexillum
761 2631 792 2688 in
821 2631 914 2690 fronte
933 2638 1093 2705 portamus.
1136 2627 1311 2701 evangelice
1324 2626 1425 2699 gratiae
1439 2623 1617 2699 propinavit.
1636 2622 1678 2682 De
1696 2637 1751 2696 quo
1769 2619 1880 2680 videlicet
1893 2618 1941 2676 nno

239 2713 405 2774 Sacerdotes
421 2721 519 2773 autem
535 2717 602 2789 jnre
619 2717 754 2789 dicimur,
770 2719 840 2794 quia
859 2720 949 2779 sancti
969 2720 1096 2794 Spiritus
1135 2720 1167 2779 in
1185 2717 1293 2778 eisdem
1313 2713 1439 2775 Canticis
1457 2727 1571 2788 sponsae
1593 2726 1665 2771 voce
1679 2710 1714 2770 ad
1729 2725 1850 2784 sponsum
1865 2708 1940 2767 iterun

239 2803 302 2862 oleo
320 2810 348 2860 et
359 2803 523 2862 chrismatis
536 2805 672 2863 unctione
686 2804 816 2865 linimur.
1136 2808 1264 2868 dieitur:
1288 2805 1426 2866 «Guttur
1443 2811 1526 2863 tuum
1546 2802 1623 2861 sieut
1646 2802 1747 2861 vinum
1766 2800 1892 2875 optimum,
1909 2793 1941 2852 di·

277 2891 354 2950 lnter
372 2897 475 2951 cuncta
493 2899 590 2951 autem
608 2893 696 2967 hujus
714 2897 888 2955 venerandae
906 2897 1096 2959 solemnitatis
1135 2911 1226 2972 guum
1240 2895 1344 2954 dilecto
1358 2907 1421 2952 meo
1435 2890 1470 2950 ad
1485 2891 1648 2964 potandum
1667 2893 1764 2964 (loidi.
1782 2913 1792 2941 ι

240 2981 377 3055 insignia,
403 2983 506 3040 iratres
528 2982 701 3054 charissimi,
730 2983 801 3043 illud
830 2986 916 3046 etiam
945 3004 1005 3047 non
1033 2989 1096 3047 sine
1173 2985 1258 3043 Hunc
1281 2981 1524 3041 vindemiatorem
1542 2987 1700 3039 cruentum
1722 2996 1769 3054 per
1785 2989 1880 3036 crucem
1897 2986 1940 3045 par

240 3070 377 3145 prohrndi
405 3086 491 3132 causa
523 3073 654 3145 mysterii
688 3073 842 3146 contigisse
879 3075 1025 3149 creditur;
1063 3073 1229 3169 utcsionis
1247 3071 1390 3144 sanguine
1412 3068 1496 3138 longe
1515 3075 1581 3127 ante
1598 3067 1690 3128 Isaiae
1713 3068 1879 3141 prospexerat
1896 3072 1942 3117 illl

241 3157 331 3218 Mater
346 3158 463 3219 Domini
486 3161 541 3219 sub
559 3160 622 3233 ipso
641 3175 713 3233 pene
731 3162 945 3223 vindemiarum
969 3174 1097 3240 tempore
1139 3161 1304 3239 prophetico
1320 3157 1423 3234 plenus
1447 3157 1562 3238 spiritu,
1578 3158 1636 3216 Sub
1652 3155 1856 3230 interrotllifflle
1867 3150 1942 3208 (Μ’

240 3253 417 3307 nasceretur.
445 3248 528 3307 Nunc
551 3249 658 3323 quippe
688 3249 841 3310 vinearum
870 3253 1002 3327 palmites
1032 3272 1098 3330 pro-
1139 3253 1207 3312 bat:
1226 3249 1327 3321 «Quis
1345 3249 1466 3319 esstote,
1482 3247 1533 3323 qui
1553 3247 1637 3304 venit
1650 3247 1685 3306 de
1704 3244 1799 3316 Edom,
1820 3239 1894 3301 tinctis
1908 3251 1942 3294 ve

242 3344 331 3398 ventu
346 3337 443 3397 onusti
453 3337 599 3397 fructuum
610 3338 645 3396 ad
656 3339 714 3396 ima
724 3340 871 3413 defluunt;
885 3357 964 3402 nuuc
974 3360 1098 3404 uvarum
1140 3345 1234 3404 stibus
1247 3343 1283 3400 de
1298 3341 1384 3400 Bosra
1398 3341 1411 3396 i
1426 3360 1440 3393 v
1454 3339 1489 3397 Et
1503 3337 1590 3412 paulo
1610 3343 1675 3412 post
1689 3356 1695 3396 :
1716 3361 1730 3391 e
1744 3335 1828 3407 Quare
1842 3343 1895 3402 ergo
1908 3341 1942 3385 rt·

241 3427 316 3487 botri
331 3427 450 3502 gravida
477 3429 643 3487 maturitate
660 3437 844 3503 turgescunt;
866 3449 943 3493 nunc
960 3435 1100 3509 agricola·
1140 3436 1226 3495 brum
1242 3438 1286 3491 est
1302 3430 1508 3489 indumentum
1529 3436 1626 3499 tuum,
1643 3436 1672 3488 et
1691 3429 1873 3488 vestimentum
1885 3427 1942 3478 mou

243 3532 309 3577 rum
329 3532 405 3588 spes,
428 3532 497 3592 quae
522 3524 578 3576 toto
599 3518 668 3576 anni
691 3519 800 3579 circulo
834 3537 974 3596 suspensa
995 3525 1099 3595 luerat,
1140 3525 1214 3583 sicut
1228 3520 1400 3581 calcantium
1414 3520 1445 3578 in
1459 3512 1943 3600 torculari?‚trsnnxnvitndnnev

243 3607 347 3667 uberes
367 3608 501 3666 transacti
526 3608 634 3668 laboris
649 3626 679 3668 se
694 3625 810 3685 carpere
828 3613 939 3672 tructus
953 3616 1099 3685 exsultim
1142 3620 1204 3672 tum
1217 3611 1325 3685 quippo
1337 3607 1444 3667 Christi
1464 3606 1538 3665 nihil
1556 3613 1599 3664 est
1615 3604 1707 3677 aliud,
1721 3605 1774 3664 nisi
1794 3590 1941 3676 mrpusqutl

243 3711 324 3755 nunc
349 3696 465 3755 arbores
493 3698 649 3771 saporifera
673 3700 820 3759 fructuum
849 3703 990 3762 suavitate
1016 3703 1101 3763 redo-
1141 3701 1264 3775 sumpsit
1287 3715 1324 3757 ex
1352 3697 1469 3757 domina
1494 3702 1523 3753 et
1550 3694 1668 3770 virgine
1691 3696 1785 3755 Maria.
1809 3693 1856 3752 Nec
1875 3695 1942 3746 huet

244 3784 315 3856 lent,
331 3791 363 3844 ut
382 3800 475 3858 poma,
494 3800 560 3859 quae
579 3787 731 3846 acerbitate
750 3805 803 3849 sua
822 3790 974 3850 hominum
999 3800 1102 3865 gustus
1140 3789 1220 3849 aliud
1244 3795 1288 3848 est
1313 3787 1519 3845 vestimentum
1544 3784 1618 3857 ejus
1638 3792 1723 3859 atque
1737 3780 1804 3842 illud
1821 3781 1877 3855 ipse
1891 3773 1942 3834 lieu

245 3882 495 3949 exasperaverant,
523 3884 602 3948 grata
638 3878 804 3939 maturitate
839 3881 1015 3941 demulcent.
1045 3882 1101 3943 Sed
1141 3886 1272 3940 nostrum
1282 3892 1398 3951 quoque
1413 3876 1619 3935 vestimentum
1631 3867 1941 3958 curodidtur,seduuev

244 3980 295 4038 per
316 3966 387 4034 haec,
410 3980 479 4039 que
503 3965 633 4024 euterius
655 3968 811 4036 cernimus.
836 3970 981 4030 reflectere
1002 3973 1102 4032 oculos
1141 3971 1197 4046 ipsi
1219 3982 1274 4028 nos
1299 3981 1401 4026 sumus
1423 3980 1498 4036 caro,
1519 3979 1576 4039 qua
1595 3965 1746 4024 vestimur.
1771 3960 1807 4020 De
1821 3959 1866 4017 hoc
1881 3956 1942 4046 veth-

245 4052 281 4110 ld
302 4053 440 4111 hilerim
459 4051 606 4111 debemus·
629 4052 720 4114 Vinea
741 4057 849 4132 quippe
868 4075 1015 4135 synagoga
1030 4066 1099 4131 erat,
1140 4066 1239 4118 mento
1266 4071 1316 4131 per
1342 4055 1487 4115 ioannem
1515 4053 1649 4112 dicitur:
1676 4049 1824 4110 «Habebat
1842 4046 1867 4104 in
1882 4046 1943 4100 vest·

246 4156 313 4216 quae
339 4140 411 4213 legis
430 4147 458 4199 et
471 4141 676 4214 prophetarum
695 4144 781 4214 dicta,
805 4148 887 4220 quasi
905 4148 1047 4222 plantaria
1065 4151 1101 4210 ad
1141 4155 1248 4220 mento,
1272 4153 1300 4205 et
1317 4146 1348 4205 in
1373 4146 1481 4204 temore
1501 4158 1554 4202 suo
1571 4144 1723 4217 scriptum,
1744 4141 1801 4200 Rev
1821 4132 1943 4208 rogum&

246 4230 433 4303 proterendos
450 4230 562 4291 fructus
581 4239 736 4307 acceperat.
754 4233 836 4294 Unde
855 4243 882 4293 et
906 4253 957 4310 per
978 4239 1101 4314 prophe·
1141 4238 1286 4298 Dominus
1313 4235 1527 4295 dominantium
1553 4236 1649 4307 (apoc.
1682 4236 1753 4296 stul.
1776 4259 1786 4280 ··
1812 4230 1857 4289 l‘er
1876 4223 1943 4311 lemur

248 4326 304 4377 mm
325 4318 453 4377 dicitur:
475 4339 490 4374 o
507 4318 596 4378 Vinea
615 4329 712 4379 autem
733 4320 866 4393 Sabaoth,
889 4325 993 4384 domus
1013 4325 1101 4386 lsrael
1141 4327 1247 4403 quippe
1269 4322 1434 4399 propagatio
1455 4321 1551 4382 carnis
1572 4321 1689 4393 titoni
1710 4335 1774 4395 ergo
1788 4333 1831 4393 per
1847 4319 1942 4401 ii⁰l²i¹'

247 4416 289 4467 est
311 4411 377 4479 (iso.
398 4411 468 4477 vi.»
489 4408 524 4466 ht
546 4407 697 4468 Psalmista
719 4433 725 4467 ι
754 4435 767 4460 α
785 4410 917 4482 Vineam,
941 4412 1099 4489 inquitet
1144 4431 1210 4475 uem
1223 4411 1468 4486 generishumani
1484 4410 1672 4470 inmundum
1688 4412 1764 4469 hunc
1781 4392 1943 4464 ventaculu-

247 4498 371 4573 AEgypto
397 4497 569 4557 transtulisti
595 4503 677 4572 (Psoi.
706 4506 852 4575 exuunt.»
889 4502 969 4563 Sicut
1001 4468 1221 4579 autengine,
1234 4510 1262 4562 et
1276 4517 1326 4576 per
1343 4501 1555 4561 iucarnationis
1570 4516 1632 4560 suae
1651 4484 1942 4584 mysteriun‚quialt¹

247 4587 399 4647 vinearum
428 4588 542 4647 tructus
573 4597 629 4647 toto
654 4606 733 4649 anno
758 4598 952 4664 exspectatur,
981 4593 1012 4652 in
1040 4595 1102 4654 eolo
1142 4600 1225 4658 esset,
1253 4600 1280 4651 et
1308 4591 1460 4660 Dominus,
1487 4590 1599 4648 cunctis
1627 4588 1760 4662 gentibus
1785 4582 1905 4643 indicat
1923 4580 1944 4623 n

246 4693 315 4737 vero
333 4682 474 4737 autumno
497 4677 665 4751 colligitur;
684 4679 726 4739 sic
743 4680 896 4753 nimirum,
915 4682 957 4741 sic
975 4682 1101 4742 Redem-
1142 4680 1393 4741 vestimentoetin
1410 4678 1669 4752 lemorescriptum
1682 4674 1779 4735 habuit
1791 4692 1797 4730 :
1809 4671 1861 4728 iter
1873 4668 1943 4760 regum

248 4775 311 4842 ptor
338 4773 444 4839 noster,
472 4782 560 4840 quem
587 4767 634 4826 lex
659 4770 894 4844 praesignaverat,
920 4787 1008 4848 quem
1038 4787 1102 4846 pro·
1142 4779 1169 4831 et
1185 4770 1328 4830 Dominus
1342 4767 1567 4828 dominantium.
1588 4767 1669 4827 Unde
1689 4767 1765 4825 euim
1783 4755 1943 4853 mandorum

248 4857 342 4931 phetae
367 4856 572 4929 praedixerant,
598 4872 685 4930 quern
710 4859 801 4917 sancti
824 4874 926 4917 omues
949 4861 985 4919 ab
1007 4862 1101 4918 Adam
1143 4860 1207 4927 tuit,
1235 4858 1274 4917 ibi
1302 4857 1452 4915 scientiam
1478 4873 1541 4916 suae
1572 4855 1728 4931 majestatis
1753 4847 1884 4942 inscripsit
1904 4833 1944 4927 llll

248 4959 340 5016 usque
359 4943 397 5001 ad
416 4951 585 5002 transactam
600 4944 733 5017 quintam
754 4952 867 5004 aetatem
890 4961 1006 5007 summo
1023 4948 1102 5007 desi·
1142 4956 1238 5008 autem
1253 4946 1459 5007 indumentum
1474 4947 1596 5007 rubrum
1608 4946 1752 5021 propheta
1763 4938 1885 5012 apparuit
1898 4933 1944 4997 lln

247 5033 327 5093 derio
352 5039 597 5106 exspectaverant,
612 5033 643 5091 in
663 5033 724 5091 solo
742 5033 841 5093 Mariae
857 5042 983 5109 tempore
1002 5035 1101 5107 venit;
1144 5038 1316 5109 Redemptor
1332 5042 1427 5096 noster
1441 5036 1591 5111 proprium
1611 5050 1663 5110 pro
1682 5027 1861 5104 redemptione
1877 5017 1944 5073 nostru

247 5130 275 5180 et
292 5132 360 5181 turre
373 5121 459 5196 quasi
476 5121 580 5180 vinum
599 5137 634 5180 ex
646 5122 849 5195 spiritualibus
869 5140 934 5185 uvis
949 5126 1100 5200 expressit,
1142 5124 1316 5199 sanguinem
1343 5124 1427 5183 ludit.
1456 5122 1510 5182 Cui
1538 5123 1600 5197 ipse
1626 5119 1793 5196 respondit:
1817 5099 1945 5167 «ΤῡῐΐΰΙὸῐ

247 5211 316 5284 quia
331 5209 662 5284 latentes*sustc1nphia
677 5210 781 5270 litterae
791 5215 927 5286 mysticos
939 5214 1102 5274 intellectus
1142 5213 1249 5274 calcavi
1285 5213 1373 5276 solus.
1398 5220 1426 5271 et
1450 5212 1639 5284 degentibus
1662 5225 1718 5270 non
1742 5199 1943 5264 estvirmecll1

247 5301 370 5372 aperuit.
399 5297 479 5357 Unde
505 5306 534 5358 et
563 5316 612 5373 per
634 5302 802 5373 Apostolum
828 5301 934 5362 dicitur
958 5322 964 5362 :
998 5325 1011 5358 o
1028 5305 1102 5363 Cum
1143 5307 1205 5378 lisa.
1226 5304 1349 5374 uului.»
1371 5300 1458 5360 Solus
1478 5300 1556 5358 enirn
1579 5298 1713 5368 torcular,
1734 5295 1763 5352 iu
1783 5303 1834 5366 (111⁰
1854 5281 1944 5377 ffllffllffi

246 5395 344 5446 autem
374 5388 451 5446 verrit
480 5388 630 5462 plenitudo
657 5392 801 5466 temporie,
831 5392 911 5450 misit
943 5392 1022 5452 Deus
1053 5394 1102 5452 ei·
1142 5399 1195 5462 est,
1208 5390 1432 5465 ealravit3quia
1446 5405 1498 5449 sua
1511 5388 1635 5464 potentia
1651 5402 1725 5456 eam,
1737 5394 1817 5459 quatu
1831 5367 1943 5458 sustinul

131 5517 135 5534 .
247 5476 321 5537 lium
350 5495 435 5537 suum
463 5481 570 5538 lactum
599 5496 635 5538 cx
665 5481 796 5551 muliere,
826 5483 932 5541 lactum
960 5483 1103 5556 sublege
1143 5484 1306 5559 passionem
1327 5480 1404 5540 vicit.
1424 5480 1497 5538 Nam
1515 5481 1568 5554 qui
1587 5493 1678 5553 usque
1698 5475 1731 5534 ad
1757 5461 1945 5531 morenuuei

248 5569 321 5644 ilict.
333 5570 412 5638 uvi.»
1143 5570 1308 5647 patibulum
1323 5567 1453 5645 pertulit,
1468 5567 1504 5626 de
1519 5573 1610 5627 morte
1624 5565 1685 5639 ipsa
1703 5577 1767 5622 cum
1783 5555 1862 5634 glorie
1873 5553 1943 5606 reli
1983 5569 1984 5592 ¹
