4100 6209
45 445 47 454 ,
153 383 208 449 887
463 385 492 446 S.
513 384 625 446 PETRI
646 384 806 446 DAMIANI
824 383 903 445 OPP.
924 384 1021 447 PARS
1041 383 1114 446 suh
1132 378 1258 443 redes
1276 379 1314 441 H.
1335 411 1370 424 -
1390 377 1600 441 SERMONES.
1852 381 1910 442 est

154 516 231 592 regis
249 515 351 591 juncta
364 513 513 574 canalibus
542 507 621 584 (cont
645 514 706 588 vn).
724 540 738 565 o
760 512 842 574 Sicut
857 530 908 590 per
927 512 1124 589 raputAluta.
1157 511 1265 571 «Pone
1296 524 1368 580 me,
1395 509 1501 584 inquit,
1530 516 1563 568 ut
1600 509 1785 584 signaculum
1820 523 1912 587 snper

154 603 350 680 intelligimus
367 607 505 676 mentem,
519 602 559 661 ita
577 615 628 677 per
651 617 746 662 comas
764 603 865 677 capitis
885 617 945 662 nen
966 602 1012 660 in·
1053 614 1102 659 cor
1129 603 1233 669 tunm,
1257 601 1291 656 ut
1315 597 1499 670 signaculum
1530 607 1617 671 snper
1643 597 1794 658 brachium
1824 603 1909 657 mma

94 719 100 730 1
155 693 361 753 convenienter
397 690 554 765 accipimus
588 691 784 765 cogitationes.
826 688 1010 752 sicutenim
1052 690 1139 762 (cont.
1167 692 1237 759 vni).
1267 711 1280 735 »
1308 684 1384 756 Quid
1412 701 1464 761 per
1493 699 1565 757 cer,
1597 685 1654 744 nisi
1685 687 1910 761 cogitationes:

156 780 253 857 capilii
285 781 321 840 de
353 779 460 840 vertice
491 778 647 856 prodeunt,
673 780 713 838 ita
748 779 935 854 cogitationes
972 794 1010 838 rx
1052 774 1123 852 quid
1148 790 1200 849 per
1228 774 1403 845 brachium,
1433 773 1490 832 nisi
1529 772 1624 847 operis
1653 773 1793 833 debemus
1819 774 1909 834 intel·

157 871 252 932 mente
273 871 443 946 precedunt.
463 870 633 944 Purpureus
653 887 722 931 vero
740 871 828 943 celer,
849 872 918 945 qnia
941 885 1009 929 san·
1053 861 1141 935 ligere
1172 859 1395 921 lentitudinem?
1423 861 1569 920 Christum
1601 875 1669 934 ergo
1702 868 1841 936 moenam
1867 862 1910 921 si·

155 961 255 1037 guinis
269 961 357 1020 hahet
370 961 502 1036 speciem,
521 960 593 1035 quid
612 975 663 1034 per
680 960 862 1035 mysterium,
877 959 935 1018 nisi
951 958 1010 1017 De·
1052 953 1209 1028 gnacnlom
1235 953 1265 1011 iu
1285 952 1370 1011 corde
1393 958 1490 1011 nostro
1519 952 1659 1011 debemus
1681 951 1911 1027 imprimerent

155 1050 294 1110 minicam
314 1048 414 1108 innuit
431 1049 612 1124 passionem?
626 1047 703 1119 Quid
721 1064 792 1108 vere
810 1048 935 1118 canales,
951 1046 1010 1104 nisi
1053 1043 1135 1103 nulla
1152 1045 1206 1103 bec
1226 1044 1317 1103 valeat
1340 1043 1452 1104 hostilis
1474 1041 1598 1117 irruptio
1617 1042 1736 1102 violare.
1758 1041 1907 1104 Christum

155 1144 319 1199 sauctorum
342 1137 507 1213 significant
526 1139 654 1197 mentes?
670 1137 752 1197 Sicut
773 1136 902 1196 enimin
923 1150 1010 1194 caea-
1052 1134 1138 1192 etiam
1163 1134 1300 1207 operibus
1327 1132 1433 1192 nestris
1452 1132 1592 1191 debemus
1614 1131 1786 1207 insculpere,
1800 1140 1834 1192 nt
1856 1147 1910 1208 per

154 1227 233 1288 libus
247 1227 458 1287 conchiliorum
476 1225 594 1300 sanguis
609 1225 780 1297 effunditur,
794 1230 827 1284 ut
844 1224 876 1283 in
898 1238 1010 1299 purpn·
1051 1237 1137 1281 ornne
1157 1223 1234 1297 qnod
1255 1221 1378 1295 agimus,
1398 1221 1537 1280 Crucifixi
1559 1221 1743 1295 praeceptoris
1765 1222 1910 1297 discipule

154 1332 239 1378 reum
252 1316 619 1377 celeremlanavertatnr:
640 1317 682 1375 sic
697 1316 728 1375 in
744 1320 910 1374 sanctorum
926 1329 1008 1372 men·
1052 1314 1292 1372 demonstremus.
1320 1312 1382 1372 blec
1407 1311 1591 1386 signaculum
1618 1311 1754 1370 exteriori
1790 1327 1911 1387 queque

153 1403 232 1467 tibus
252 1406 413 1466 Dominicae
435 1405 576 1480 passionis
597 1419 682 1464 cruor
702 1404 888 1463 meditatione
907 1399 1009 1462 recoli·
1053 1405 1121 1463 vitra
1135 1418 1196 1461 snae
1209 1402 1357 1475 signanter
1369 1403 1543 1477 impressum
1556 1401 1713 1486 Apostolus
1726 1401 1910 1474 ostendebat,

154 1502 220 1567 tur;
234 1502 262 1556 et
274 1496 314 1555 ita
323 1492 537 1571 quodammode
548 1494 596 1567 pia
607 1491 746 1568 quaelibet
756 1493 854 1551 anima
868 1491 1011 1564 sanguiue
1052 1508 1118 1551 cum
1134 1492 1240 1550 diceret
1250 1509 1257 1550 τ
1268 1513 1279 1543 ι
1290 1490 1351 1564 Ego
1361 1491 1493 1565 stigmata
1502 1491 1572 1551 lesu
1584 1492 1614 1551 in
1624 1506 1743 1567 corpore
1754 1506 1821 1551 meo
1828 1497 1912 1565 porto

154 1585 289 1660 tingitur,
312 1591 345 1644 ut
371 1582 471 1643 aeterni
495 1577 567 1656 Regi
592 1597 751 1657 purpuram
777 1580 917 1642 imitetur.
949 1580 1010 1639 Hoc
1052 1583 1123 1655 (dol.
1146 1583 1196 1653 vr).
1214 1607 1228 1631 »ι
1253 1580 1289 1638 Iit
1317 1580 1454 1639 iterum:
1483 1605 1494 1631 ·
1514 1580 1633 1655 Semper
1655 1581 1910 1640 mortificationem

155 1674 297 1738 nimirum
332 1672 418 1733 mode
453 1672 597 1732 efficimur
634 1672 777 1732 Salvatori
812 1678 911 1731 nostro
939 1686 1010 1730 eon-
1051 1674 1120 1733 lesu
1136 1674 1168 1732 in
1182 1688 1299 1747 corpere
1309 1678 1406 1734 nostro
1416 1674 1649 1733 circumferentes
1662 1673 1700 1742 (Π
1712 1674 1773 1731 cor.
1786 1677 1873 1744 avia

156 1749 274 1833 lmmes,
295 1767 328 1821 nt
352 1757 446 1821 simus
470 1757 556 1821 etiam
583 1761 685 1820 merite
707 1759 892 1835 postmodnm
918 1759 1011 1819 cohae-
1089 1759 1178 1820 Plane
1199 1762 1224 1820 si
1243 1777 1296 1822 nos
1316 1762 1446 1824 Salvator
1461 1768 1558 1822 noster
1579 1763 1634 1822 hoc
1647 1761 1813 1821 charactere
1831 1760 1912 1821 scel·

155 1849 248 1909 redas
1015 1857 1115 1937 Bptos
1139 1868 1202 1913 esse
1227 1853 1387 1929 perpendit,
1403 1859 1430 1913 et
1452 1853 1512 1929 ipse
1534 1869 1587 1913 nos
1606 1860 1685 1927 grata
1709 1852 1773 1912 vice
1792 1851 1913 1911 sibimet

190 1944 278 2004 Cema
300 1959 367 2020 erge
390 1942 491 2018 capitis
517 1941 608 2004 beatae
634 1942 771 2018 martyris
793 1940 953 2012 Columbae,
976 1950 1009 2002 ut
1051 1943 1234 2016 signaculum
1255 1944 1346 2019 ponit.
1363 1943 1443 2005 Sicut
1458 1943 1527 2004 duci
1547 1944 1660 2004 Judaea
1683 1941 1842 2004 zorobabel
1860 1956 1912 2017 per

153 2047 284 2112 purpura
298 2036 359 2091 erat
371 2030 448 2105 regis
467 2029 568 2105 juncta
585 2030 747 2101 canalibus,
766 2029 834 2105 quia
853 2030 1007 2089 constituta
1051 2036 1191 2109 Aggtaum
1207 2037 1377 2109 prophetam
1396 2034 1542 2109 pellicitus
1557 2039 1610 2106 est,
1631 2034 1733 2092 dicens
1752 2056 1760 2092 r
1776 2054 1790 2084 ι
1805 2030 1840 2091 In
1858 2030 1912 2089 illa

153 2121 185 2180 in
199 2119 331 2196 passione
344 2118 454 2194 proprii
467 2119 606 2194 corporis,
616 2119 758 2178 recolebat
771 2119 1009 2195 assiduesuppli-
1051 2123 1098 2182 die
1125 2123 1281 2199 suscipiam
1309 2130 1345 2197 te,
1375 2115 1547 2193 Zorehabel,
1574 2122 1617 2181 fili
1647 2119 1797 2194 Salathiel,
1825 2133 1912 2179 serve

153 2208 231 2268 cium
262 2205 475 2281 Redempteris,
501 2223 539 2267 ns
573 2206 707 2267 videlicet
734 2208 773 2268 in,
797 2223 851 2267 sua
876 2207 1010 2283 passione
1052 2229 1146 2284 meus,
1163 2219 1190 2271 et
1208 2227 1312 2288 ponam
1338 2219 1365 2272 te
1390 2212 1465 2272 sieut
1486 2211 1671 2287 signaculum
1697 2211 1730 2270 in
1754 2215 1913 2284 conspectu

154 2295 362 2369 succumberet,
386 2297 458 2356 dum
480 2300 726 2356 remuneratorem
746 2313 834 2356 suum
857 2313 910 2371 per
929 2312 1010 2355 eam-
1052 2317 1117 2361 meo
1132 2302 1215 2372 (App.
1233 2303 1272 2375 Η).
1288 2325 1302 2353 s
1323 2299 1406 2373 Quod
1428 2300 1453 2359 si
1472 2316 1525 2359 nos
1538 2301 1611 2376 ejus,
1629 2299 1707 2374 quod
1731 2297 1821 2368 absit,
1834 2296 1912 2356 obli-

154 2381 219 2444 dem
247 2385 325 2445 viam
350 2400 381 2444 se
401 2384 581 2460 precessisse
607 2391 750 2459 pensaret.
780 2386 879 2446 Passio
903 2385 1010 2460 quippe
1052 2390 1201 2460 viscimnr,
1223 2405 1339 2450 necesse
1353 2396 1395 2449 est
1413 2397 1446 2449 ut
1459 2398 1486 2448 et
1505 2389 1562 2462 ipsi
1584 2389 1622 2448 ab
1643 2401 1677 2448 eo
1698 2394 1914 2462 cousequenter

124 2497 132 2514 v
155 2475 271 2538 Domini
296 2476 378 2552 quasi
399 2475 505 2535 vicaria
524 2474 659 2550 quaedam
680 2476 762 2535 nobis
787 2491 888 2535 mensa
906 2490 1010 2549 propo·
1052 2480 1193 2539 oblivioni
1215 2480 1385 2539 tradamur:
1402 2477 1482 2540 Sicut
1497 2478 1533 2537 de
1550 2477 1643 2553 impio
1657 2493 1725 2552 rege
1739 2476 1911 2537 Dominus:

155 2563 210 2623 sita
223 2571 277 2633 est,
290 2566 494 2643 uteriquead
508 2581 571 2624 eam
587 2565 700 2624 invitati
716 2564 940 2636 discumbimus,
956 2579 1010 2623 nes
1056 2568 1114 2628 «Sl
1142 2568 1240 2640 luerit,
1268 2567 1386 2642 inquit,
1413 2566 1567 2626 lechonias
1591 2568 1721 2627 annulus
1749 2566 1851 2624 dexter
1879 2564 1913 2624 in

156 2653 242 2713 etiarn
267 2654 374 2714 similia
401 2669 608 2730 praeparemus.
633 2653 676 2713 hd
698 2671 784 2730 qnam
810 2670 863 2712 nos
888 2669 1011 2728 sponsus
1053 2672 1143 2715 manu
1168 2669 1243 2728 mea,
1270 2655 1338 2726 iude
1364 2654 1489 2714 evellam
1511 2667 1579 2715 eum
1602 2657 1670 2726 (ier.
1696 2657 1786 2724 1111).
1812 2674 1824 2706 ι
1848 2652 1914 2711 Hoc

156 2740 314 2802 invitatio
339 2743 482 2803 Canticis:
504 2744 918 2822 «Comedite,inqnit,amiri
942 2747 1009 2817 mei,
1054 2746 1139 2821 plane
1168 2744 1349 2819 signaculum
1381 2744 1462 2804 beata
1495 2743 1602 2804 Christi
1633 2759 1737 2818 spensa
1769 2739 1914 2802 Columba

156 2825 301 2898 etbihite,
322 2837 350 2890 et
373 2831 571 2902 inebriamini,
589 2834 752 2893 charissimi
775 2837 924 2908 (cantv).
947 2834 1011 2894 »iit
1055 2834 1134 2892 intus
1154 2840 1182 2891 et
1219 2832 1401 2893 extrinsecus
1437 2833 1492 2893 sibi
1523 2832 1670 2907 signanter
1703 2832 1913 2905 impresserat,

155 2919 187 2979 iu
220 2919 383 2980 Proverbiis
409 2919 604 2982 Salomonis:
635 2949 649 2973 οι
667 2919 698 2981 Si
728 2923 857 2996 sederis,
891 2925 1008 3000 inquit,
1053 2937 1120 2981 cum
1150 2937 1209 2980 uon
1233 2937 1296 2981 eam
1323 2922 1433 2996 regales
1459 2920 1578 2980 thalami
1603 2920 1639 2978 ad
1663 2919 1805 2979 lenocinio
1827 2919 1914 2978 fluxa

156 3020 271 3066 coenare
292 3007 329 3064 ad
345 3022 475 3089 mensam
502 3009 636 3084 potentis,
668 3011 854 3071 considerans
880 3012 1012 3087 intellige
1054 3012 1207 3083 resolvere,
1223 3025 1281 3070 non
1302 3003 1421 3070 honoris
1442 3010 1563 3069 ambitio
1581 3021 1746 3084 provocare,
1768 3023 1828 3067 nen
1852 3006 1913 3065 mi-

157 3097 490 3172 quaeapponnnturtiht,
505 3085 533 3157 eft
545 3099 586 3160 sic
597 3100 677 3159 mitte
686 3117 806 3161 manum
819 3103 1012 3174 tuam,sciens
1055 3115 1159 3158 narum
1173 3097 1370 3158 intonantium
1385 3100 1467 3157 teror
1479 3091 1636 3168 innectere,
1651 3111 1709 3155 non
1726 3110 1789 3154 eam
1804 3102 1914 3153 eertea

156 3185 297 3276 queniam
310 3175 379 3248 talia
393 3193 503 3263 oportet
516 3193 544 3248 te
558 3205 720 3264 praeparare
735 3194 825 3260 (Ρνου.
839 3181 870 3262 ri.
891 3215 902 3244 ι
1055 3188 1101 3247 sui
1113 3188 1335 3263 enrsnsimpetu
1349 3186 1510 3262 quamlibet
1519 3186 1592 3246 dura
1602 3192 1630 3246 et
1642 3184 1787 3260 exquisita
1800 3187 1914 3258 peterat

192 3273 333 3362 Quasnam
354 3284 398 3338 est
416 3279 466 3339 illa
485 3295 585 3339 mensa
597 3280 733 3354 potentis,
747 3281 805 3340 nisi
819 3282 896 3341 unde
915 3282 1011 3342 sumi·
1057 3284 1264 3337 tormentorum
1283 3289 1389 3350 genera
1411 3275 1565 3335 retardare.
1585 3273 1646 3334 Hoc
1665 3271 1817 3349 signaculo
1839 3286 1916 3346 praa·

158 3371 206 3426 tur
225 3381 331 3441 corpus
357 3377 386 3428 et
411 3371 530 3445 sangnis
559 3370 632 3445 ejus,
663 3371 714 3446 qui
741 3386 824 3431 suam
850 3387 900 3446 pre
927 3373 1011 3432 nobis
1052 3368 1198 3427 munitum
1212 3366 1415 3440 liegisaeterni
1431 3365 1592 3425 sacrarium
1609 3361 1692 3425 nulla
1716 3364 1809 3437 potnit
1830 3363 1914 3422 acies

155 3454 284 3515 animam
299 3455 417 3532 posuit?
436 3458 470 3517 lit
485 3458 554 3533 euid
568 3458 658 3518 estad
673 3474 738 3517 eam
753 3459 863 3531 sedere,
879 3457 938 3518 nisi
953 3460 1012 3518 hu·
1052 3457 1165 3517 hostilis
1192 3457 1374 3532 irrumpere,
1403 3454 1485 3515 uella
1517 3453 1653 3517 fraudum
1690 3453 1913 3529 subrepentium

156 3543 266 3604 militer
283 3560 316 3604 ac
338 3547 503 3609 reverenter
521 3545 676 3607 accedere?
693 3547 747 3608 Ubi
771 3564 839 3623 quae
857 3547 942 3607 nohis
959 3562 1011 3621 op·
1052 3547 1207 3607 valuerunt
1222 3547 1375 3605 molimina
1398 3545 1517 3618 violare,

157 3639 308 3709 ponuntur
331 3636 555 3711 considerantes,
574 3637 767 3714 intelligimus
790 3638 815 3696 si
833 3637 921 3714 digne
941 3637 1012 3696 tanti
1090 3634 1187 3694 Armis
1205 3634 1295 3709 igitur
1308 3636 1437 3695 accincta
1451 3636 1595 3696 virtutum
1613 3634 1738 3711 gloriosa
1756 3639 1867 3706 martyr
1887 3639 1918 3691 et

158 3725 289 3784 muneris
313 3726 436 3797 gratiam
463 3725 635 3803 cogitamus.
664 3727 699 3787 lit
726 3735 798 3789 tunc
822 3726 862 3786 ita
890 3741 1012 3786 manum
1054 3726 1145 3798 virge,
1165 3740 1215 3799 per
1237 3725 1348 3783 ferrum
1362 3771 1368 3796 ,
1384 3740 1435 3801 per
1461 3723 1553 3800 ignes,
1575 3740 1626 3799 per
1647 3723 1776 3782 immane
1799 3721 1917 3795 snppli-

158 3813 302 3875 mittimus
317 3821 350 3876 nt
363 3816 489 3877 sciamus
503 3809 569 3892 qnia
587 3817 655 3877 talia
670 3833 723 3877 nes
742 3815 877 3892 expediat
898 3831 1012 3890 praepa·
1053 3813 1133 3873 cium
1148 3813 1312 3889 properavit
1331 3813 1367 3871 ad
1388 3828 1476 3887 regna
1492 3814 1642 3873 coelerum.
1661 3811 1717 3872 libi
1736 3825 1815 3870 nnnc
1837 3810 1919 3869 iuter

158 3917 231 3975 rare,
246 3919 314 3963 cum
328 3906 484 3980 prudenter
495 3901 688 3981 intelligimus
702 3907 773 3982 qnia
791 3906 866 3965 sicut
881 3905 1014 3964 Christus
1055 3903 1202 3978 virginem
1216 3903 1318 3962 choros
1333 3902 1477 3961 eanhcum
1494 3911 1605 3962 nerum
1622 3897 1796 3959 modulando
1808 3896 1918 3972 eoojn-

158 3994 316 4068 pronubis
339 3995 413 4054 meri
440 3995 653 4070 dignatusest,
679 3995 719 4055 ita
744 4011 796 4053 nos
822 4012 873 4070 pro
899 3995 962 4070 illo,
989 3997 1013 4054 si
1054 3992 1137 4066 bilai,
1165 3996 1193 4049 et
1220 3990 1348 4050 victorias
1373 3990 1499 4066 palmam
1526 3988 1618 4049 beatis
1643 3986 1780 4047 muniens
1809 3989 1918 4059 portat.

158 4080 244 4143 detur
277 4079 351 4139 383
391 4087 524 4159 occasio,
566 4085 705 4145 debemus
741 4086 854 4145 animas
897 4101 1012 4160 ponere.
1055 4080 1112 4141 Ubi
1127 4080 1213 4140 castis
1235 4079 1332 4154 sponsi
1355 4080 1411 4150 sni,
1428 4095 1516 4157 quem
1534 4077 1686 4148 dilexerat,
1709 4073 1788 4135 ulnis
1805 4074 1920 4134 astrin-

162 4169 433 4242 «opinabimur
457 4172 619 4242 Psalmista‚
639 4174 794 4233 retribuam
821 4174 945 4234 Domino
963 4190 1015 4249 pre
1056 4175 1144 4248 gitur,
1166 4171 1238 4231 stola
1261 4170 1372 4230 decoris
1389 4170 1533 4242 induitur,
1548 4184 1653 4229 corona
1672 4163 1773 4241 gloriae
1792 4163 1922 4223 ielicioer

159 4257 297 4319 omnibns
316 4276 383 4333 onae
402 4261 536 4321 retribuit
559 4262 659 4321 mihi?
674 4262 798 4322 Calicem
819 4263 955 4322 salutaris
972 4280 1017 4322 ac·
1056 4263 1223 4322 adornatur.
1246 4257 1330 4321 Nunc
1353 4261 1450 4337 itaque
1474 4259 1556 4321 velut
1583 4255 1665 4318 sidus
1688 4267 1813 4316 aureum
1839 4252 1922 4312 inter

160 4346 267 4421 cipiam
294 4349 378 4421 (Ptol.
400 4351 511 4425 cxvi.»
536 4349 613 4410 Hinc
635 4356 678 4410 est
693 4351 778 4409 etiarn
805 4351 881 4424 qued
905 4351 1016 4412 dilectas
1057 4353 1165 4426 ignitos
1186 4366 1320 4424 superum
1344 4349 1529 4412 Hierusalem
1555 4347 1664 4425 lapides
1688 4348 1802 4415 emicet,
1826 4349 1856 4402 et
1887 4342 1921 4401 in

160 4439 361 4511 susspensus
385 4437 416 4498 in
438 4436 565 4497 Canticis
590 4455 659 4498 cnm
682 4440 898 4515 praemisisset:
926 4440 1016 4500 «Sub
1058 4441 1139 4499 iliius
1161 4438 1311 4499 obtutibus
1334 4455 1447 4515 semper
1471 4439 1575 4498 festiva
1602 4441 1743 4507 coruscat,
1768 4432 1822 4506 eui
1845 4430 1922 4490 vila

159 4526 261 4585 arbore
281 4528 357 4587 male
376 4528 513 4589 suscitavi
532 4537 570 4601 te,
590 4552 604 4583 »
626 4537 836 4604 consequenter
855 4530 1015 4606 adjunxitr
1061 4531 1148 4602 iens,
1178 4538 1206 4588 et
1232 4529 1306 4590 lucis
1340 4530 1423 4605 origo
1448 4535 1568 4590 cunctos
1605 4526 1724 4586 sibimet
1751 4522 1923 4582 assistentes

161 4615 271 4678 «Pone
285 4634 330 4678 rne
357 4627 389 4679 nt
404 4621 586 4695 signaculum
603 4629 903 4697 supereminenter
918 4590 1134 4696 signa-⁰364
1157 4617 1244 4680 radiis
1272 4621 1417 4681 inoccidui
1455 4615 1617 4696 splendoris
1645 4615 1770 4677 illustrat
1794 4661 1804 4686 ,
1831 4612 1923 4672 lesus

158 4705 260 4766 culum
283 4722 371 4782 super
389 4707 542 4769 brachium
568 4718 650 4770 tuum
675 4712 767 4779 (cont.
793 4723 865 4771 vnrr.
887 4736 899 4760 »
928 4713 970 4771 Ac
993 4713 1017 4771 si
1059 4709 1188 4771 Christus
1202 4711 1345 4771 Dominus
1361 4716 1467 4782 noster,
1485 4710 1535 4785 qni
1551 4705 1688 4768 cumDee
1703 4703 1786 4764 Patre
1807 4700 1920 4777 etSpi·

159 4793 261 4854 dicat:
289 4794 363 4865 Quia
381 4812 434 4871 ego
451 4803 477 4856 te
496 4791 653 4857 intantum
671 4799 762 4858 dilexi
784 4805 816 4859 ut
835 4807 1017 4872 permertenr
1058 4801 1117 4860 ritu
1139 4805 1237 4859 sancto
1261 4799 1332 4858 vivit
1356 4808 1384 4859 et
1411 4805 1511 4873 regnat
1536 4800 1567 4858 in
1593 4794 1700 4856 saecula
1726 4791 1919 4854 seculorum.

159 4885 301 4947 cruciate
323 4894 468 4948 mortuam
489 4888 657 4949 suscitarem
669 4908 677 4961 ;
703 4894 733 4948 tu
757 4889 845 4948 etiam
870 4905 916 4949 me
934 4890 1017 4950 alter·
1058 4889 1162 4946 Amen

160 4984 258 5037 utrum
274 4959 406 5050 [alterum
431 4976 552 5052 tantum]
575 4976 685 5052 dilige,
705 4994 810 5052 meque
831 4978 862 5037 in
886 4980 943 5039 tuis
959 4994 1017 5039 nen
1471 5017 1506 5029 -

160 5059 246 5127 medo
271 5061 503 5142 cogitationibus,
525 5055 572 5125 sed
594 5073 622 5126 et
640 5065 786 5140 operibns,
806 5066 887 5126 velut
909 5067 1015 5142 integri

159 5161 245 5232 atque
275 5155 391 5230 perlecti
413 5157 520 5216 ameris
549 5154 733 5231 signaculum
756 5172 842 5230 pene.
869 5155 943 5216 Nam
966 5173 1017 5232 per
1144 5149 1352 5213 submoues
1394 5145 1732 5213 exthavaeart'rlts
1775 5146 1829 5207 DE

161 5242 293 5305 arborem
318 5247 429 5305 malurn
456 5245 639 5305 Dominieam
663 5260 780 5304 crucem
809 5245 950 5305 debemus
973 5261 1018 5305 ae
1391 5251 1566 5313 SANGTJS,

160 5334 264 5408 cipere,
289 5337 335 5395 cui
360 5334 495 5394 videlicet
521 5335 619 5396 arbori
649 5337 745 5411 ipsum
774 5335 845 5394 alibi
867 5335 1015 5395 Christum

160 5432 317 5497 wfflrarar,
345 5425 447 5486 dicens
470 5450 477 5486 ι
500 5425 609 5488 «Sicut
637 5427 733 5487 malus
760 5425 837 5485 inter
862 5425 941 5500 ligna
970 5426 1017 5485 sil·
1057 5387 1171 5452 Sem
1187 5389 1210 5451 I·
1230 5389 1267 5451 ¹²²
1284 5386 1398 5451 Namll
1412 5395 1609 5451 mmmm
1624 5398 1811 5463 vissimum·

160 5526 274 5584 varum,
290 5514 332 5571 sic
346 5513 468 5574 dilectus
483 5531 564 5575 mens
574 5516 649 5576 inter
665 5517 891 5591 iiiios(Gmrt.1).
909 5541 922 5565 ›»
1059 5486 1174 5550 Sssrllw
1192 5486 1228 5548 Π·
1246 5487 1287 5548 00
1296 5485 1429 5548 elidem·

195 5600 290 5662 Arbor
306 5615 373 5677 erge
385 5602 455 5662 mali
470 5619 542 5664 crux
566 5610 610 5663 est
626 5601 743 5677 Christi,
760 5620 812 5680 per
822 5621 909 5681 quam
928 5605 1017 5666 susci·
1057 5587 1170 5652 Sermo
1186 5589 1211 5652 l·
1226 5589 1269 5651 De
1286 5589 1489 5656 dedicatione
1502 5589 1651 5656 ecclesia.

158 5695 216 5750 tata
231 5694 274 5751 est
286 5689 395 5763 anima,
412 5691 512 5751 mertis
527 5689 635 5752 scilicet
658 5696 775 5753 [eternae
789 5691 916 5754 vinculis
928 5694 1014 5754 ahse-
1058 5683 1173 5751 Serme
1187 5685 1228 5752 II.
1250 5684 1427 5751 Decedam.
