4100 6209
183 294 235 358 327
443 296 473 358 S.
494 293 608 357 PETRI
629 292 792 354 DAMlANI
811 287 889 353 OPP.
909 287 1007 352 PARS
1028 284 1098 351 seh
1119 285 1248 352 TOMUS
1267 291 1290 351 1.
1313 323 1346 335 -
1366 287 1486 352 EPIST.
1506 287 1581 354 uis.
1600 287 1678 351 vnr.
1887 289 1947 353 328

180 421 262 496 cipit,
281 436 372 482 vanos
392 419 497 481 efficiat
514 428 543 480 et
561 420 695 480 homines
714 418 868 490 mundum,
882 431 970 492 mem
989 415 1243 487 in·A(10aa.1u).
1260 436 1272 467 ι
1296 416 1335 474 nt
1357 421 1456 475 contra
1475 416 1512 475 de
1531 430 1576 487 ec,
1595 414 1646 492 qui
1663 415 1786 475 uerbum
1812 401 1948 477 Salrato

180 524 250 569 sanc
271 509 407 585 diligunt,
425 510 455 568 in
474 509 630 568 mnitatem
652 514 775 568 vertant.
795 507 883 568 Hunc
902 522 970 582 ergo
991 520 1039 565 re·
1083 503 1125 563 ris
1136 503 1227 577 audit,
1246 502 1352 563 dicitur
1368 528 1375 562 :
1393 526 1404 555 ι
1419 503 1493 574 Quia
1505 503 1536 563 in
1547 502 1693 579 iudicium
1708 520 1767 563 non
1782 505 1875 579 venit,
1890 505 1946 565 sed

179 613 246 670 gem
270 597 321 656 Dei
346 597 432 657 miles
455 596 582 672 perimit,
597 611 685 657 serus
705 595 833 656 Israelita
863 595 998 666 concidit,
1014 594 1039 653 si
1084 595 1186 655 transit
1200 594 1236 653 de
1249 600 1341 655 morte
1358 594 1391 654 in
1411 596 1501 653 vitam
1517 596 1543 664 (l
1557 597 1636 654 toan.
1657 600 1698 666 r).
1716 620 1730 644 s
1746 593 1824 654 illud
1844 597 1947 670 potius

180 686 257 745 nihil
270 685 426 761 superflue,
442 685 515 744 nihil
535 686 673 757 inaniter,
688 685 736 745 vel
750 686 827 760 quod
843 685 879 745 ad
902 699 964 743 rem
978 698 1038 742 non
1083 686 1242 761 unicuique
1261 685 1438 748 studendum
1457 691 1513 756 est,
1527 688 1561 743 ut
1574 699 1605 743 se
1627 684 1661 743 in
1679 684 1816 759 operibus
1832 684 1946 744 sanctis

179 771 312 846 pertinet,
328 780 417 847 gerat,
435 774 485 832 sed
511 774 648 848 graviter,
671 781 700 832 ct
727 772 935 833 adorabiliter
961 770 1038 830 diri-
1081 781 1224 848 exerceat,
1243 784 1275 835 ut
1297 776 1409 835 sesain
1428 773 1737 849 omnibuspurilicare
1758 788 1793 833 ac
1817 774 1947 834 sanctiti-

179 874 227 918 nae
250 859 321 934 legis
335 861 457 934 implere
476 861 610 920 mandata
625 862 788 921 contendat.
805 861 921 921 Tertius
939 867 1039 919 autem
1082 879 1147 924 care
1161 865 1323 926 contendat.
1342 864 1404 924 Hoc
1417 864 1619 923 tautummodo
1634 863 1822 938 semetipsam
1835 863 1945 939 insug-

180 947 406 1006 Madiassitifflffl
430 963 494 1018 rex,
519 946 576 1008 Sul
598 947 714 1020 dicitur,
729 947 806 1022 lUOd
829 949 956 1022 ifflftclss
976 964 1039 1004 mv·
1082 954 1194 1028 gillare,
1208 965 1237 1015 et
1260 954 1421 1031 dijudicare
1446 969 1505 1014 nan
1528 953 1650 1013 desinat.
1668 953 1744 1014 Nam
1763 954 1815 1029 uui
1838 961 1945 1014 semet-

180 1053 238 1102 rus,
254 1036 316 1095 sive
337 1039 474 1102 robustas,
491 1037 538 1095 vel
559 1037 646 1095 etiam
670 1041 801 1107 anpmtta
822 1037 1037 1111 interpretatur.
1083 1043 1180 1119 ipsum
1202 1045 1327 1118 perfecte
1351 1042 1502 1118 dijudicat,
1521 1043 1668 1117 iudicium
1697 1059 1756 1102 non
1782 1050 1942 1118 exspectat.

180 1122 255 1194 Quid
278 1141 346 1185 V0l⁰
370 1142 421 1201 ier
440 1141 568 1218 murum,
594 1126 656 1186 Sive
680 1125 843 1196 militium,
873 1126 929 1185 nisi
956 1126 1040 1185 durae
1083 1132 1210 1192 Perfecto
1227 1141 1326 1193 autem
1346 1133 1535 1208 semetipsum
1554 1131 1716 1208 dijudIcare
1730 1136 1783 1204 est,
1799 1137 1827 1192 et
1840 1148 1943 1208 repra·
1976 1179 1982 1186 .

180 1215 286 1276 mentis
311 1217 483 1289 obstinatio,
515 1217 563 1276 vel
590 1216 751 1291 pervicacia
775 1216 861 1275 debet
886 1214 1040 1288 intelligi?
1082 1221 1237 1281 hendenda
1259 1239 1320 1282 non
1333 1238 1427 1298 agere,
1440 1229 1469 1282 et
1484 1237 1551 1298 quae
1568 1222 1863 1295 irreprehensibiliter
1875 1229 1944 1282 acta

178 1306 256 1381 quod
283 1321 351 1365 vero
378 1313 405 1365 et
432 1305 566 1380 angustia
589 1304 773 1379 interpretari
800 1304 917 1376 dicitur,
945 1321 1040 1379 neque
1082 1316 1152 1370 sunt
1174 1310 1274 1370 timide
1300 1318 1463 1371 retractare.
1483 1311 1571 1370 Porro
1595 1317 1693 1369 auum
1721 1310 1855 1385 numquis
1884 1310 1944 1370 boc

178 1400 235 1458 boc
261 1399 379 1474 longius
405 1415 422 1458 a
448 1400 519 1458 vitio
547 1398 666 1458 duritiae
698 1402 864 1471 separatur,
898 1396 1040 1471 quoniam
1082 1398 1526 1474 agit,illererelladianitarum
1540 1413 1622 1473 rega
1633 1398 1750 1473 perimit
1764 1422 1771 1457 ε
1787 1399 1837 1458 ille
1848 1397 1942 1458 hma-

181 1486 316 1564 quisquis
343 1489 379 1547 ad
403 1487 575 1547 dimittenda
606 1487 738 1561 proximo
765 1485 861 1544 dehita
890 1486 984 1544 durus
1010 1494 1041 1545 et
1083 1485 1234 1547 lecitarum
1259 1487 1404 1562 principes
1425 1487 1539 1558 sternit,
1554 1494 1582 1547 et
1605 1502 1707 1546 omnes
1722 1504 1740 1545 a
1756 1485 1943 1547 sevitiorum

180 1576 342 1636 obstinatus
366 1582 419 1647 est,
434 1575 566 1650 angustia
592 1573 800 1648 constringitur
825 1573 940 1645 mentis,
967 1574 1040 1633 dum
1083 1583 1177 1651 pestes
1190 1576 1328 1636 excludit.
1347 1576 1423 1635 ilina
1437 1582 1480 1636 est
1498 1575 1576 1650 quod
1591 1576 1692 1635 eadem
1715 1589 1796 1634 sacra
1820 1582 1943 1633 metatur

181 1666 263 1726 nulla
288 1665 422 1725 dilatetur
443 1664 635 1739 amplitudine
659 1663 792 1721 charitas.
813 1662 855 1722 De
875 1678 933 1738 qua
950 1663 1039 1721 nimi-
1083 1663 1230 1724 Historia:
1251 1662 1423 1735 «Quoniam
1441 1665 1549 1740 egressi
1568 1663 1623 1724 filii
1639 1664 1729 1724 Israel
1746 1663 1943 1722 veneruntad

180 1772 247 1815 rum
274 1755 412 1815 charitate
441 1770 492 1828 per
522 1753 693 1827 Prophetam
720 1750 827 1811 dicitur
854 1771 861 1810 ε
890 1775 901 1805 r
933 1753 1193 1840 hatumsslontem
1215 1754 1360 1829 judicii·
1384 1754 1433 1814 hic
1455 1762 1497 1815 est
1518 1754 1619 1826 Gades,
1644 1777 1655 1806 ι
1681 1759 1710 1813 et
1734 1753 1943 1812 iuterfecerunt

181 1843 353 1903 mandatum
378 1849 462 1900 tuum
478 1830 573 1899 ‘trimis
598 1841 681 1914 (Psal.
697 1843 811 1913 oxvru).
825 1865 838 1889 n
861 1838 929 1901 Sive
952 1842 1041 1900 etiam
1084 1857 1186 1902 omnes
1204 1843 1349 1918 principes
1369 1842 1518 1916 Amalech,
1533 1852 1562 1903 et
1577 1843 1774 1915 amorrheos,
1788 1841 1840 1918 qui
1853 1840 1941 1900 babi-

180 1932 235 1990 boc
262 1930 335 1990 valet
359 1929 494 2005 intelligi,
516 1930 586 2006 quia
610 1929 749 1989 duritiam
777 1931 883 1992 mentis
909 1931 1041 2005 sequitur
1086 1935 1184 1993 tabant
1208 1934 1239 1994 in
1263 1934 1442 1995 Tharausem
1465 1935 1710 2004 [asasonthamar]
1731 1935 1809 2005 (dea.
1830 1935 1907 2002 xiv).
1925 1956 1940 1980 ·

180 2022 314 2096 angustia
327 2020 531 2082 damnationis.
546 2018 630 2078 Unde
643 2035 694 2094 per
710 2017 895 2080 Salomonem
909 2019 1016 2080 dicitur
1032 2040 1039 2077 :
1084 2023 1175 2083 Gades
1189 2030 1288 2084 autem
1301 2028 1483 2097 sanctificatio
1508 2024 1722 2098 interpretatur.
1738 2023 1773 2082 lu
1785 2021 1876 2081 Gades
1893 2037 1943 2080 er·

184 2111 319 2171 «Beatus
342 2111 397 2190 vir,
418 2110 469 2186 qui
489 2124 602 2184 semper
627 2115 670 2168 cst
687 2110 811 2183 pavidus
836 2129 842 2167 :
862 2110 915 2185 qui
942 2115 1041 2170 autem
1084 2128 1131 2187 go,
1146 2114 1197 2187 qui
1210 2114 1276 2173 lons
1300 2121 1343 2173 est
1363 2113 1479 2184 judicii,
1493 2112 1676 2184 annectas,
1693 2110 1783 2171 simul
1796 2111 1943 2170 etbmor·

182 2203 289 2264 mentis
303 2208 346 2262 est
364 2202 456 2272 durae,
471 2206 585 2260 corruet
602 2199 633 2259 in
657 2200 768 2260 malum
783 2203 871 2272 (Pras.
888 2201 1009 2272 xxviii).
1027 2226 1038 2252 ·
1084 2201 1180 2259 rbaeos
1206 2200 1394 2276 spiritualiter
1415 2202 1620 2275 interficimus,
1635 2217 1703 2261 cum
1727 2209 1755 2260 et
1777 2200 1867 2260 mum
1891 2216 1943 2259 no

180 2291 304 2362 Quartus
339 2299 476 2366 preterea
511 2289 736 2350 Madiauitarum
763 2305 816 2348 rex
840 2288 900 2350 Bur
924 2289 1040 2362 dicitur,
1084 2297 1174 2350 stram
1186 2290 1244 2365 piis
1256 2291 1393 2366 operibus
1408 2293 1589 2351 sanchlicare
1607 2291 1768 2366 satagimus
1779 2309 1788 2363 ;
1803 2297 1943 2350 ettamen

181 2384 259 2457 quod
285 2385 407 2439 irritatio
429 2380 643 2455 interpretatur.
671 2378 758 2438 Vides
790 2394 868 2454 ergo,
890 2380 959 2454 quia
987 2396 1041 2439 no·
1085 2379 1141 2454 ipsi
1157 2395 1210 2440 nos
1226 2386 1364 2455 anquam
1382 2387 1530 2453 nocentes,
1545 2397 1579 2440 aa
1599 2379 1843 2455 reprehensibiles
1858 2378 1943 2454 judi-

184 2472 264 2529 mina
277 2485 379 2544 regum
401 2468 513 2528 umbrae
531 2475 598 2528 sunt
617 2474 645 2528 et
660 2467 802 2542 imagines
816 2466 966 2528 vitiorum.
983 2467 1041 2539 Qui
1084 2482 1194 2527 murus.
1210 2468 1282 2529 Cum
1302 2469 1487 2529 elaboramus
1508 2483 1623 2543 semper
1649 2466 1945 2541 irreprehensibiliter

183 2559 263 2618 enim
288 2573 376 2618 onera
397 2557 498 2632 gravia
524 2571 575 2629 per
599 2563 694 2630 portas
719 2570 787 2616 suas
811 2554 951 2630 inierunt,
971 2572 1040 2632 pro-
1084 2555 1194 2629 vivere,
1211 2571 1262 2630 per
1285 2555 1511 2616 sollicitudinem
1532 2564 1628 2617 umen
1649 2555 1773 2616 districti
1795 2555 1945 2614 examinis

181 2651 255 2709 recto
277 2645 655 2721 lorinsecus‘cbstrepentia
678 2661 729 2720 per
754 2659 895 2704 sensuum
919 2661 1041 2705 suorum
1084 2661 1171 2719 opera
1192 2651 1290 2705 nostra
1312 2659 1371 2704 non
1389 2645 1556 2706 desistimus
1569 2659 1713 2705 arcuere.
1730 2643 1766 2703 Et
1780 2643 1944 2703 noandum

182 2739 278 2797 aditus
308 2738 340 2796 in
366 2743 515 2812 pectorum
544 2749 666 2795 sucrum
690 2749 796 2794 arcana
822 2735 1040 2807 transfundunt,
1085 2734 1225 2809 quoniam
1248 2740 1277 2793 et
1301 2732 1368 2794 lons
1384 2732 1498 2808 iudicii,
1514 2740 1543 2793 et
1563 2731 1730 2807 cadesam
1753 2731 1943 2791 sanctificatio

184 2828 277 2889 Deum
302 2829 501 2889 indubitanter
527 2827 652 2897 irritant,
672 2839 760 2899 ouem
787 2823 918 2884 uidelicet
936 2823 984 2883 his
1004 2823 1041 2883 ad
1084 2817 1201 2897 dicitur,
1223 2837 1301 2883 unus
1320 2822 1456 2897 idemque
1475 2824 1554 2882 locus
1566 2828 1610 2881 est
1625 2841 1632 2880 :
1648 2821 1718 2898 quia
1736 2821 1878 2879 nimirum
1891 2818 1941 2894 jn·

183 2918 365 2978 inferendam
399 2916 518 2976 ultionis
553 2913 725 2974 senentiam
763 2920 929 2988 provocant.
960 2912 1042 2974 Unde
1085 2919 1147 2973 stus
1164 2913 1288 2987 quisque
1302 2910 1501 2985 semetipsum,
1514 2912 1585 2971 dum
1600 2917 1697 2970 sancte
1715 2908 1799 2979 risit,
1813 2912 1942 2979 accusat,

183 3009 324 3085 scriptum
348 3011 420 3066 est:
451 3031 464 3055 ιι
493 3003 694 3074 simulatores,
713 3009 741 3062 et
766 3001 863 3062 callidi
884 3009 1042 3077 provocant
1085 3011 1114 3062 et
1137 3019 1168 3062 se
1185 3002 1382 3077 dijudicando,
1398 3000 1445 3062 rel
1470 3001 1643 3072 accusando,
1672 2998 1765 3073 magis
1789 2996 1944 3073 magisque

182 3098 255 3158 iram
282 3097 335 3157 Ilei
361 3098 431 3167 (Jab.
447 3097 594 3164 xxxid.»
619 3093 656 3152 Et
677 3091 713 3152 de
739 3092 847 3166 quibus
867 3107 944 3166 saepe
962 3090 1253 3187 apudGsanctificat.
1271 3089 1333 3149 Hoc
1350 3089 1447 3162 itaque
1472 3089 1558 3148 modo
1585 3087 1644 3148 vita
1670 3092 1836 3146 sanctmum
1854 3092 1882 3143 et
1910 3084 1945 3142 in

181 3188 360 3248 Ezechielem
397 3186 534 3248 dicitur:
573 3205 584 3237 ι
615 3183 689 3252 Quia
727 3184 833 3242 domus
867 3195 1043 3256 exasperans
1085 3181 1209 3254 propriis
1232 3177 1454 3252 cogitationibus
1480 3174 1711 3251 reprehenditur,
1730 3181 1758 3233 et
1785 3181 1882 3232 umen
1911 3172 1944 3231 in

181 3284 226 3337 est
249 3279 356 3349 (meat.
371 3276 411 3349 ul.
435 3297 446 3325 ι
479 3274 516 3334 Et
542 3272 696 3333 Psalmista
718 3260 765 3330 2⁴«
785 3262 829 3330 'Ut
851 3271 932 3344 quid,
953 3270 1042 3344 Deus,
1084 3268 1221 3342 operibus
1234 3264 1541 3342 irreprehensibilibus
1556 3263 1716 3324 invenitur.
1737 3261 1858 3321 Uadeet
1870 3275 1945 3336 pras·

182 3363 389 3439 improperavit
416 3361 574 3434 inimicus,
605 3360 700 3419 irritat
725 3358 909 3449 adversarius
936 3373 1043 3418 nomen
1084 3356 1171 3432 cipue
1185 3356 1259 3417 urbs
1273 3355 1325 3416 illa
1344 3354 1426 3430 regni
1446 3354 1522 3415 Secn
1537 3359 1659 3414 uocatur
1672 3354 1797 3425 lisehon,
1813 3368 1881 3429 quae
1898 3350 1946 3409 ni-

182 3464 270 3517 tuum
289 3456 319 3515 in
340 3453 483 3515 fiuemi»
500 3454 583 3528 (Psat.
604 3451 724 3524 xixus).
741 3449 820 3508 Rebe
835 3463 912 3518 vero,
930 3449 981 3523 qui
996 3466 1042 3506 ar-
1084 3444 1194 3504 mirum
1217 3447 1395 3515 cogitationes
1428 3442 1643 3517 interpretatur.
1672 3440 1727 3501 Per
1753 3439 1830 3516 uuod
1856 3438 1946 3500 datur

182 3549 296 3605 dinatus
326 3543 398 3602 129
417 3545 538 3618 dicitur,
560 3559 619 3603 non
643 3542 727 3601 aliter
758 3540 806 3599 hic
831 3537 968 3615 procedit,
985 3536 1043 3597 nisi
1084 3532 1219 3608 intelligi,
1241 3534 1310 3609 quia
1335 3532 1464 3591 maxima
1485 3546 1551 3606 pars
1572 3530 1724 3591 diabohcae
1747 3529 1893 3605 poteshds
1911 3527 1945 3586 in

184 3642 282 3710 utper
299 3634 434 3707 ironiam,
451 3633 496 3693 vel
514 3631 705 3707 antiphrasim
720 3627 1040 3703 dictumintelligatur;
1084 3623 1309 3699 cogitationibus
1340 3629 1450 3698 regnat.
1480 3619 1536 3680 Per
1561 3619 1637 3682 Scon
1670 3621 1778 3695 quippe
1805 3616 1947 3693 nequitiae

181 3731 325 3801 quatenus
346 3724 397 3800 qui
421 3721 573 3782 ordinatus
597 3721 716 3789 dicitur,
734 3734 751 3778 e
768 3717 913 3778 contrario
927 3716 1041 3777 inordi·
1084 3714 1203 3789 spiritus
1229 3714 1372 3787 liguratur
1389 3737 1395 3771 :
1410 3710 1460 3772 sed
1484 3711 1599 3771 Esebon
1623 3726 1661 3770 ex
1682 3709 1793 3769 ditione
1810 3705 1899 3779 Secu,
1911 3705 1946 3766 in

180 3819 266 3872 natus
285 3813 324 3871 eit
342 3818 371 3870 et
399 3812 548 3871 contusus.
573 3809 701 3868 Vitiosus
726 3806 806 3866 enim
832 3806 972 3880 quisque,
988 3806 1042 3864 etsi
1084 3802 1283 3863 israelitarum
1298 3800 1369 3859 130
1393 3803 1459 3876 jura
1485 3801 1682 3870 transfertur,
1712 3815 1778 3860 cum
1809 3797 1948 3872 cogitatio

181 3900 432 3976 superficietenus
448 3899 533 3974 quasi
552 3905 627 3957 racto
645 3894 765 3955 vivendi
782 3895 942 3969 praetendat
961 3892 1042 3953 ordi·
1085 3896 1194 3964 nostra,
1209 3906 1277 3965 quta
1299 3890 1445 3966 superbia
1467 3897 1546 3965 peste
1568 3893 1716 3949 tumuerat
1733 3887 1770 3947 ad
1785 3886 1946 3962 reprehen-

181 4006 259 4062 nem,
273 3989 402 4050 mulusaa
425 3994 520 4047 tamen
536 3991 565 4045 et
581 3984 756 4044 inordinate
772 3982 954 4057 rogitationis
975 3996 1043 4042 rer·
1084 3980 1176 4040 sionis
1199 3994 1261 4039 sure
1281 3978 1437 4053 judicium,
1457 3977 1643 4053 pergratiam
1658 3994 1689 4037 sc
1704 3973 1947 4037 vcraehumilita-

181 4085 225 4138 sat
241 4080 273 4137 in
287 4078 371 4138 corde
387 4076 552 4150 caliginem.
569 4073 623 4133 Per
641 4070 773 4148 qmnque
793 4086 862 4145 ergo
880 4085 961 4145 reges
981 4068 1042 4129 Ma·
1084 4069 1122 4128 tis
1135 4069 1268 4142 inclinat,
1283 4075 1316 4129 ut
1330 4084 1398 4142 quae
1422 4083 1453 4126 se
1471 4069 1584 4129 dodum
1604 4074 1773 4142 arroganter
1786 4064 1948 4133 extulerat,

183 4167 371 4238 dianitarum,
399 4166 530 4240 quinque
560 4162 715 4237 signantur
748 4159 876 4235 corporis
907 4174 1039 4219 seusus:
1083 4160 1144 4234 jam
1159 4173 1212 4217 sua
1232 4159 1306 4217 iacta
1326 4155 1548 4232 dijudicans,ac
1572 4155 1730 4229 diligenter
1756 4153 1947 4221 examinans,

184 4255 255 4330 quia
271 4269 358 4313 omne
381 4253 497 4326 vitium,
512 4251 590 4326 cuod
617 4255 717 4325 regnat
734 4249 767 4307 in
784 4263 912 4323 corpore,
928 4247 965 4306 ab
978 4246 1042 4306 istis
1085 4247 1238 4316 humiliter
1254 4246 1450 4321 reprehendit.

184 4342 314 4418 quinque
336 4342 472 4402 sensibus
496 4339 610 4415 pendet.
635 4339 659 4397 li
676 4353 743 4413 ergo
765 4343 836 4396 tunc
852 4351 870 4395 a
887 4334 971 4395 nobis
989 4351 1041 4395 ex·
1120 4335 1155 4394 In
1169 4334 1259 4394 Gades
1280 4350 1358 4408 ergo,
1374 4335 1426 4409 qui
1442 4339 1485 4393 est
1503 4335 1569 4393 lons
1589 4333 1705 4409 iudicii,
1720 4330 1895 4390 amalecitas
1914 4335 1948 4388 et

183 4434 350 4510 stinguendi
368 4437 449 4507 sunt,
463 4441 492 4493 et
516 4430 620 4508 gladiis
630 4427 832 4500 obtruncandi,
846 4442 915 4486 cum
937 4425 1039 4486 adver·
1086 4423 1274 4483 Amorrhaeos
1287 4421 1383 4499 gladio
1398 4429 1517 4482 rorante
1531 4421 1703 4497 dejicimus,
1718 4420 1787 4496 quia
1809 4426 1880 4480 tunc
1903 4419 1948 4479 ri·

183 4541 250 4587 sum
264 4542 318 4586 nos
332 4526 365 4585 in
383 4521 461 4584 bello
478 4524 669 4597 consurgunt,
681 4534 752 4579 cum
773 4533 826 4578 nos
848 4488 1073 4576 scandalizareD
1088 4511 1195 4572 tiorum
1219 4512 1352 4571 omnium
1375 4511 1537 4570 barbariem
1557 4511 1725 4580 sternimus,
1739 4517 1808 4567 tuuc
1823 4513 1947 4581 potesta·
2046 4529 2047 4536 ¹

185 4631 244 4676 noa
268 4614 416 4676 desinam.
433 4615 479 4672 An
498 4627 555 4672 non
578 4611 649 4670 idos
670 4623 753 4683 reges
765 4605 925 4681 exstingui,
941 4613 969 4665 et
982 4605 1043 4680 spi·
1088 4607 1130 4662 tes
1147 4616 1247 4661 aereas
1264 4601 1457 4664 invictissime
1478 4599 1668 4671 debellamus,
1681 4599 1706 4657 si
1726 4605 1754 4658 et
1773 4598 1948 4658 innocenter

185 4708 260 4767 ritus
285 4720 423 4765 mucrone
439 4703 531 4764 occidi
547 4700 686 4777 praectpit
698 4698 851 4771 Dominus,
866 4712 934 4758 cum
958 4711 1044 4756 scan·
1089 4693 1227 4759 risimus,
1253 4696 1281 4751 et
1301 4697 1396 4751 tamen
1412 4706 1476 4752 reos
1505 4706 1570 4765 nos,
1597 4705 1630 4748 ac
1652 4688 1776 4766 peccatis
1800 4686 1949 4746 obnoxios

186 4796 359 4857 daliaantem
371 4793 490 4853 oculum
504 4791 656 4862 ornicum
671 4804 804 4861 menum,
817 4787 865 4848 rel
879 4786 983 4862 pedem
993 4786 1042 4860 ia·
1084 4781 1260 4857 judicamus,
1275 4780 1402 4841 dicentes
1427 4796 1494 4840 cum
1512 4779 1669 4854 Apostolo:
1692 4777 1752 4838 «Si
1767 4776 1948 4847 dixerimus,

186 4885 235 4946 bet
258 4881 413 4944 abscindi?
430 4908 443 4933 s
461 4879 565 4941 Melius
587 4884 640 4951 est,
655 4879 763 4953 inquit,
779 4891 846 4937 cum
870 4891 929 4936 uno
946 4876 1043 4948 oculo,
1087 4871 1157 4947 qum
1166 4876 1314 4946 peccatum
1324 4885 1382 4930 non
1395 4868 1547 4941 babemus,
1562 4867 1753 4940 nosmetipsos
1763 4863 1948 4937 seducimus,

189 4974 233 5035 vel
255 4974 381 5035 debilem
404 4972 440 5030 ad
463 4970 553 5031 vitam
578 4968 703 5042 ingredi,
722 4981 810 5044 qaam
834 4965 908 5025 duas
932 4963 1043 5034 oculos,
1086 4968 1115 5020 et
1139 4961 1248 5020 verius
1273 4960 1304 5018 iu
1327 4959 1413 5020 nobis
1437 4972 1496 5017 non
1519 4964 1562 5017 est
1584 4960 1609 5028 (Ι
1625 4960 1706 5014 Jaaa.
1721 4961 1755 5026 ι).
1774 4975 1789 5008 a
1811 4953 1847 5012 Et
1875 4959 1951 5012 mne

186 5066 273 5139 pedes
288 5107 296 5136 ,
312 5070 346 5124 ac
371 5077 478 5124 manus
503 5058 681 5130 habentem,
709 5055 741 5115 in
768 5055 882 5114 interna
914 5052 1044 5128 demergi
1087 5051 1211 5122 hsebon,
1227 5063 1316 5124 quam
1346 5051 1523 5120 macariana
1547 5044 1727 5119 interpretari
1753 5042 1896 5113 diximus,
1911 5040 1949 5101 in

188 5156 300 5225 (baut.
315 5157 358 5224 a).
375 5152 423 5211 »li
438 5151 525 5228 plane
539 5154 608 5208 sunt
625 5161 707 5221 reges
721 5142 944 5204 Madianitarum
959 5163 965 5201 :
983 5142 1044 5202 hla-
1087 5137 1285 5197 Israelitarum
1306 5135 1421 5211 cogitur
1441 5134 1566 5194 transire
1584 5131 1763 5203 dominium3
1781 5144 1848 5188 rum
1861 5142 1951 5186 mens

187 5242 257 5301 dian
294 5246 393 5302 autem
422 5241 628 5315 interpretatur
653 5237 687 5293 de
708 5235 816 5308 judicic
841 5253 847 5292 :
875 5232 1045 5309 quicunque
1086 5231 1185 5287 nostra
1197 5225 1234 5286 de
1250 5225 1399 5301 superbia,
1414 5225 1461 5286 sel
1482 5225 1561 5284 omrai
1583 5231 1697 5283 terrena
1713 5219 1951 5294 concupiscentia

189 5332 269 5391 enim
281 5345 362 5406 reges
376 5331 480 5406 spiritu
493 5345 553 5390 non
568 5331 719 5404 reguntur,
732 5324 783 5385 sed
798 5323 933 5384 recubus
946 5321 1044 5380 carnis
1087 5318 1258 5379 transfertur
1272 5317 1305 5376 in
1318 5331 1447 5378 amoram
1465 5315 1547 5390 regni
1563 5314 1714 5375 caelorum.
1730 5310 1949 5386 cogitationum

186 5419 336 5494 obediunt,
358 5437 418 5482 non
444 5420 480 5480 ad
506 5417 736 5480 misericordiam
763 5413 813 5475 sed
839 5412 875 5473 ad
897 5409 1044 5486 iudicium
1085 5410 1192 5484 quippe
1209 5413 1355 5469 certamen
1369 5420 1533 5483 numquam
1549 5401 1656 5463 Christi
1671 5406 1763 5477 potest
1776 5399 1875 5460 deesse
1887 5399 1949 5459 rui·

186 5528 220 5572 se
244 5508 387 5584 pertinere
411 5517 562 5573 testamur.
577 5507 660 5569 Sicut
681 5506 718 5566 de
737 5504 868 5583 quolibet
894 5499 1043 5561 incredulo
1086 5499 1208 5571 litibus,
1233 5498 1374 5573 quoniam
1402 5494 1498 5570 opens
1525 5492 1615 5552 nostri
1642 5506 1695 5552 nos
1719 5488 1860 5550 metitudc
1879 5502 1947 5548 non

188 5598 418 5673 diciturz«0ui
441 5604 621 5663 autemnon
644 5591 1044 5669 madit,jamjudicatusest
1088 5586 1202 5660 liberat
1227 5585 1253 5647 si
1276 5584 1374 5663 pravis
1399 5583 1460 5644 suis
1481 5579 1704 5658 cogitadonibus
1726 5593 1808 5639 mens
1832 5579 1948 5639 armata
2046 5665 2047 5678 ἵ
