4100 6209
154 294 202 357 rar
609 288 639 349 s.
660 285 806 348 neruus
827 265 1023 345 esulanus
1044 282 1074 345 s,
1093 282 1130 343 a.
1151 283 1184 356 s.
1205 283 1444 346 casulatus.
1851 287 1905 349 ise

153 417 313 479 nobilitatis
323 417 455 478 innixus.
467 416 570 493 Itaque
583 430 629 476 res
643 429 737 490 usque
748 428 782 474 eo
793 410 924 472 iniamiae
938 408 1104 472 rna-anae
1126 410 1200 470 urbe
1222 408 1396 485 martyrium
1410 415 1453 469 est
1467 424 1620 485 perpessus
1636 430 1642 470 :
1658 413 1687 470 et
1700 409 1858 474 Gervasius
1869 428 1905 472 ac

155 510 212 570 tuis
233 508 480 579 altercationibus,
494 507 658 583 jurgiisque
681 504 804 565 deducta
820 503 886 575 luit,
901 507 933 562 ut
958 515 1004 560 sa·
1046 497 1204 570 Protesius,
1224 513 1352 573 quorum
1371 506 1470 558 sancta
1487 499 1520 558 in
1542 498 1596 558 hac
1613 499 1686 560 urhe
1710 515 1830 574 corpora
1854 517 1906 561 co·

153 600 281 659 cerdotes
305 601 356 676 qui
381 612 489 658 uxores
503 595 653 666 haberent,
669 609 730 669 prm
754 593 864 666 pudore
889 606 1004 665 separa·
1046 588 1432 665 luntur,nonaliumquam
1446 588 1570 650 Paulum
1583 590 1712 650 habuere
1722 592 1905 666 magistrum.

153 690 207 749 tim
231 706 247 749 a
273 686 385 749 caeteris
409 702 471 746 rem
499 683 632 744 divinam
656 683 750 742 lacere
777 682 948 755 cogerentur
973 677 1005 736 in
1047 678 1140 739 Divus
1160 680 1297 757 denique,
1311 694 1370 756 quo
1387 696 1440 740 ros
1465 685 1611 754 tantopere
1632 681 1810 756 gloriamini,
1832 683 1906 742 lim·

153 782 224 854 loco,
240 782 293 857 qui
318 779 431 840 Pateria
457 773 573 835 dicitur.
591 773 675 833 Unde
700 772 790 847 vulgo
802 789 820 832 a
833 771 932 846 pueris
950 768 1005 829 Pa-
1046 767 1174 842 hrosius,
1189 786 1257 830 cum
1270 770 1480 832 Nicolaitarum
1496 771 1633 831 haeresim
1647 787 1699 847 per
1712 787 1742 831 se
1757 774 1906 848 quondam

154 868 241 930 tarini
253 868 289 928 ad
304 865 512 929 contumeliam
525 863 704 923 dicebantur.
722 861 799 921 Huic
814 869 911 920 autern
925 858 1005 919 malo
1048 872 1177 918 coercere
1194 875 1254 920 non
1280 866 1384 936 posset,
1401 877 1418 919 a
1437 862 1570 921 Romans
1588 860 1716 921 Ecclesia
1734 855 1906 937 praesidium

150 961 346 1032 opportunum
364 953 526 1015 remedium
542 951 632 1013 Wido
646 951 766 1026 cupiens
778 948 925 1020 adhibere,
941 964 1008 1007 con·
1048 948 1327 1024 implorantesque
1345 957 1403 1010 tres
1425 950 1482 1011 viri
1500 950 1537 1010 ad
1556 950 1646 1025 huius
1673 952 1779 1010 erroris
1802 951 1905 1026 expia-

153 1050 273 1104 ventum
299 1044 500 1119 episcoporum
523 1055 644 1101 suorum
665 1039 743 1114 apud
765 1039 956 1098 Fontanetum
974 1034 1007 1094 in
1050 1036 1158 1096 tionem
1178 1038 1323 1114 aSyricio
1343 1046 1406 1099 tum
1424 1039 1560 1114 pontifice
1581 1040 1662 1100 missi
1687 1055 1815 1114 praesens
1830 1040 1905 1099 civi-

151 1152 221 1211 agro
239 1134 412 1196 Novariensi
428 1133 566 1209 oppidum
583 1130 774 1192 convocavit:
795 1135 883 1205 atque
900 1143 938 1189 ex
958 1141 1006 1187 eo-
1050 1126 1101 1185 tati
1119 1127 1267 1188 auxilium
1285 1128 1452 1190 attulerunt.
1469 1130 1672 1203 Quamobrem,
1692 1146 1759 1191 cum
1776 1138 1804 1189 et
1818 1131 1906 1206 primi

150 1241 218 1287 rum
232 1224 374 1285 sententia
389 1221 501 1283 clericis
524 1236 631 1301 usores
646 1221 761 1294 babere,
782 1219 883 1294 inique
897 1225 1008 1289 umen,
1051 1214 1153 1276 salutis
1177 1224 1281 1278 vestrae
1304 1225 1446 1291 aucmres,
1459 1226 1488 1278 et
1515 1225 1577 1293 post
1601 1219 1725 1280 labentis
1744 1218 1906 1295 disciplinae

151 1314 311 1375 constituit.
330 1312 463 1373 Florebat
486 1326 520 1370 eo
545 1315 673 1385 tempore
693 1309 851 1380 sanctitate,
868 1306 1008 1379 docmina,
1051 1304 1260 1380 emendatores,
1282 1306 1319 1367 ab
1337 1307 1465 1368 Ecclesia
1489 1309 1620 1368 Romana
1645 1308 1815 1382 prodierint,
1835 1307 1905 1383 quid

151 1419 185 1463 ac
206 1418 303 1463 rerum
328 1401 521 1477 gerendarum
543 1398 646 1474 peritia
668 1397 770 1457 Petrus
794 1395 928 1456 Damiani
949 1394 1009 1454 lia·
1052 1396 1197 1470 estquod
1226 1397 1289 1471 ejus
1314 1398 1435 1458 decretis
1460 1398 1675 1474 obtemperare,
1704 1397 1907 1473 intempestiva

150 1506 272 1565 vennas,
288 1490 339 1563 qui
363 1489 453 1551 vitam
479 1486 657 1548 eremiticam
679 1486 826 1562 protessus
853 1485 886 1543 in
911 1497 1009 1543 eremo
1053 1500 1134 1546 nnnc
1143 1486 1336 1562 contumacia,
1345 1489 1500 1548 recusetis?
1510 1487 1623 1560 Quibus
1634 1487 1731 1547 verbis
1739 1494 1907 1563 protervum

153 1582 190 1640 ad
215 1580 336 1638 Fontem
360 1576 538 1636 Avellanam
557 1574 668 1650 agebat,
683 1575 769 1650 cujus
787 1588 904 1649 operam
920 1571 1009 1632 eccle·
1052 1576 1196 1651 populum
1214 1578 1285 1637 adeo
1303 1579 1396 1651 llexit,
1411 1584 1446 1639 ut
1463 1593 1494 1639 se
1510 1579 1546 1638 ad
1566 1579 1665 1638 omnia
1685 1579 1749 1651 eius
1774 1577 1910 1636 mandata

152 1670 205 1729 siaa
219 1666 428 1728 constituendae
444 1666 609 1741 Stephanus
622 1664 757 1725 idoneam
770 1665 936 1734 arbitratus,
951 1661 1009 1721 ini·
1054 1671 1186 1740 paratam
1210 1682 1272 1727 esse
1292 1666 1480 1743 responderit.
1501 1667 1667 1739 Questione
1693 1666 1763 1726 inde
1790 1664 1909 1725 clerico·

136 1753 192 1819 'tio
221 1756 474 1832 Quadagesima,
502 1756 575 1816 urbe
603 1756 731 1831 repetita,
761 1754 859 1829 ipsum
886 1750 1121 1831 OstiensiBrum
1142 1755 1285 1829 instituta,
1304 1759 1357 1817 vix
1380 1758 1536 1833 quisquam
1551 1772 1631 1817 unns
1645 1759 1841 1831 repertorest,
1858 1754 1908 1829 qui

154 1845 282 1907 Ecclesia
298 1845 452 1906 decoravit.
1054 1859 1113 1905 non
1127 1851 1178 1906 aut
1188 1845 1306 1905 ordines
1318 1844 1444 1915 emisset,
1458 1849 1508 1905 aut
1525 1845 1679 1906 muliebris
1691 1841 1909 1903 consuetudinis

189 1937 264 1996 ilum
289 1935 454 1996 Landulius
480 1934 635 1994 Arialdum
663 1932 786 1993 Romam
812 1931 956 2003 misisset,
980 1938 1014 1993 ut
1054 1936 1196 2009 particeps
1209 1941 1293 1994 esset.
1310 1935 1385 1996 Tum
1400 1933 1522 2010 legatus,
1538 1949 1606 1995 cum
1625 1950 1656 1993 se
1669 1931 1808 1994 omnibus
1825 1929 1910 1990 dam·

69 2061 77 2067 -
152 2041 289 2087 vesanam
317 2021 454 2084 Ecclesia
479 2022 702 2084 Mediolanensis
724 2020 936 2082 contumaciam
962 2021 1013 2079 de·
1053 2025 1160 2084 nandis
1178 2039 1259 2084 sacra
1277 2024 1376 2084 tollere
1394 2039 1410 2082 e
1429 2024 1554 2097 civitate,
1583 2009 1684 2100 pducis
1714 2020 1909 2090 absolvendis,

153 2115 251 2188 terret,
268 2112 417 2189 simulque
432 2119 465 2174 ut
483 2114 520 2173 ad
540 2128 657 2173 causam
675 2114 820 2172 haereseos
839 2126 1014 2186 cognoscen-
1054 2114 1176 2191 reliquis
1193 2131 1225 2174 se
1241 2114 1382 2188 injuriam
1399 2113 1502 2185 iacere,
1524 2128 1592 2175 cum
1608 2128 1661 2189 par
1674 2112 1808 2173 omnium
1824 2124 1912 2169 causa

153 2205 220 2264 dam
246 2203 360 2279 judices
385 2202 555 2278 postularet,
573 2202 706 2278 pontilen
735 2202 852 2261 Petrum
880 2200 1014 2261 Damiani
1054 2210 1140 2277 esset,
1157 2204 1411 2274 animadverteret,
1425 2209 1575 2279 propterea
1593 2201 1731 2262 omnibus
1747 2216 1778 2260 se
1792 2197 1910 2260 renum

154 2292 321 2369 episcopum
335 2291 497 2352 Ostiensem
515 2291 552 2351 ed
566 2305 630 2350 esm
649 2305 711 2350 rem
729 2283 856 2365 legatum
874 2288 1012 2349 decrevit·
1054 2295 1193 2355 daturum
1209 2293 1344 2367 ostendit,
1361 2293 1386 2353 si
1404 2310 1435 2353 se
1453 2298 1641 2364 sacramento,
1661 2307 1695 2352 ac
1722 2290 1839 2365 piaculo
1857 2288 1910 2348 ob·

153 2380 275 2441 Interim
295 2381 397 2440 Petrus
419 2379 552 2440 Damiani
578 2378 719 2439 Anselmo
737 2378 870 2453 episcopo
888 2375 1015 2437 Lucensi
1056 2385 1253 2457 strinxissent,
1281 2399 1312 2443 se
1336 2383 1368 2442 in
1393 2389 1541 2458 posterum
1565 2382 1602 2443 ab
1630 2381 1772 2458 eJusmodi
1793 2377 1911 2453 flagitiis

155 2476 313 2545 assumpto,
331 2469 443 2544 legatus
466 2468 664 2528 Mediolanum
685 2468 824 2542 perrexit,
840 2467 882 2526 ibi
900 2482 952 2542 pro
968 2465 1013 2525 di·
1058 2479 1274 2549 temperaturos.¹
1290 2471 1511 2532 Sacramentum
1524 2477 1623 2532 antem
1642 2470 1698 2531 luit
1712 2468 1828 2542 triplex.
1845 2464 1912 2524 Pri-

154 2559 267 2634 gnitate
290 2560 431 2632 receptus,
454 2570 570 2616 causam
595 2555 748 2630 ltssififfliifl
773 2555 810 2615 td
833 2570 881 2614 00⁸
905 2571 967 2615 ⁸1¹ae
983 2554 1015 2615 in
1055 2581 1139 2625 mum
1163 2564 1398 2639 archiepiscopus
1425 2562 1465 2622 ita
1483 2561 1613 2639 juravit:
1627 2559 1772 2621 Conilteor
1798 2569 1910 2615 morem

155 2647 294 2709 concione
308 2645 453 2721 exposuit.
468 2645 510 2705 Ea
523 2645 637 2718 cognita
648 2644 801 2719 prostridie
813 2660 913 2705 rumor
926 2644 958 2703 in
971 2644 1014 2704 ci·
1055 2651 1085 2709 in
1105 2649 1233 2710 Ecclesia
1250 2648 1416 2721 inolevisse,
1444 2653 1478 2707 ut
1501 2646 1670 2721 quicunque
1697 2640 1846 2704 clericales
1864 2654 1910 2697 or·

157 2739 245 2800 vitate
270 2756 288 2798 a
313 2738 438 2798 factione
468 2737 639 2798 clericorum
678 2737 819 2797 excitatus
849 2735 1013 2810 increbuit3
1055 2739 1138 2798 dines
1151 2739 1300 2813 acciperet,
1314 2737 1540 2797 subdiaconatus
1559 2734 1680 2795 nomine
1691 2745 1831 2793 nummos
1843 2729 1912 2789 duo

159 2826 383 2888 ambrosianam
408 2825 566 2887 Ecclesiam
585 2827 713 2901 antiquis
737 2825 854 2885 Patrnm
875 2824 1015 2884 institutis
1054 2826 1158 2898 decim,
1181 2826 1351 2888 diaconatus
1375 2824 1544 2897 octodecim,
1563 2822 1779 2899 presbyteratus
1808 2816 1911 2892 viginti

158 2916 292 2989 liberam,
310 2931 364 2976 neo
378 2915 519 2975 Romanis
537 2914 651 2989 legibus
662 2914 820 2975 obnoxiam
833 2929 906 2986 esse,
918 2929 1015 2990 neque
1054 2920 1181 2988 quatuor
1192 2915 1338 2990 penderet.
1351 2916 1453 2989 ltaque
1468 2918 1611 2989 praesente
1629 2909 1663 2971 b.
1678 2909 1772 2980 Petro,
1786 2904 1912 2968 Ostiensi

159 3007 328 3082 pontificem
347 3005 514 3076 Romanum
527 3006 576 3081 jus
593 3005 688 3067 ullum
701 3006 733 3065 in
749 3021 803 3066 sua
820 3005 948 3066 Ecclesia
966 3021 1014 3066 or·
1054 3005 1198 3081 episcopo,
1216 3005 1308 3080 legato
1328 3002 1449 3066 'Nicolai
1470 3008 1552 3078 pont.
1570 3009 1599 3062 et
1616 3000 1653 3060 ll.
1675 2997 1826 3068 Anselmo,
1850 2995 1911 3054 Lu-

159 3095 298 3169 dinanda,
317 3101 404 3174 atque
421 3094 622 3156 constituenda
640 3094 758 3155 habere.
780 3091 880 3169 Itaque
898 3092 1133 3197 sublatoccensi
1154 3093 1297 3170 episcopo,
1316 3098 1345 3153 et
1363 3091 1501 3153 omnihus
1519 3089 1612 3161 vohis,
1631 3088 1749 3160 damno,
1769 3100 1804 3145 ec
1832 3081 1911 3142 dete·

158 3185 286 3246 clamore
300 3186 406 3261 raptim
419 3186 551 3261 undique
566 3184 844 3246 etumultuantibus
858 3183 894 3243 ad
907 3184 1014 3258 episco
1056 3191 1116 3245 stor
1134 3199 1253 3245 omnem
1272 3182 1461 3245 simoniacam
1478 3180 1626 3251 baeresim,
1647 3194 1681 3240 ac
1701 3193 1759 3250 me,
1784 3181 1813 3235 et
1827 3172 1911 3233 cleri·

159 3273 244 3349 pium
271 3273 465 3343 concurritur,
488 3288 694 3349 campanarum
723 3274 854 3348 strepitu,
875 3286 909 3329 ac
934 3285 1012 3346 prae·
1056 3290 1115 3346 cos,
1128 3281 1156 3333 et
1175 3288 1353 3334 successores
1369 3286 1459 3344 meos,
1478 3269 1605 3346 spondeo
1624 3265 1700 3326 nihil
1714 3267 1746 3324 in
1765 3269 1912 3339 posteram

159 3362 279 3440 grandis
302 3363 379 3423 tubae
396 3364 530 3438 clangore
545 3365 615 3423 urbs
628 3369 685 3424 tota
698 3362 870 3438 completur,
885 3377 919 3421 ac
935 3376 1014 3420 mors
1056 3367 1219 3424 exacturos.
1245 3360 1454 3421 Nicolaitarnm
1492 3371 1612 3434 quoque
1646 3353 1782 3415 heresim
1811 3350 1911 3410 mem

162 3451 256 3527 legato
271 3452 308 3512 ab
322 3450 459 3512 omnibus
473 3453 642 3513 intentatur.
661 3452 838 3513 Accenderat
850 3457 949 3512 auum
965 3450 1014 3510 in·
1038 3454 1169 3514 'ratione
1194 3451 1365 3521 condemno,
1394 3454 1422 3508 et
1447 3448 1639 3523 presbyteros,
1665 3443 1813 3513 diaconos,
1841 3438 1912 3499 sub

162 3541 252 3601 vidite
263 3541 509 3615 flammam,quod
520 3542 623 3602 Petrus
635 3541 728 3617 pridie
740 3540 927 3601 inconvenlu
940 3555 1015 3615 prae
1057 3544 1251 3618 diaconosque
1270 3541 1308 3600 ab
1325 3555 1453 3601 uxorum
1466 3543 1496 3597 et
1513 3535 1746 3597 concubinarum
1767 3528 1912 3600 sedente,

161 3627 269 3701 sidens,
286 3629 323 3687 ad
342 3628 475 3689 dextram
490 3629 548 3689 sibi
566 3628 740 3690 Anselmum
756 3629 924 3704 episcopum
943 3642 1014 3687 con·
1057 3633 1153 3711 quoad
1174 3641 1281 3709 potero,
1305 3630 1513 3708 propulsurum
1530 3627 1676 3705 promitto.
1692 3623 1764 3684 inde
1782 3628 1850 3682 ante
1866 3620 1912 3679 al-

160 3716 301 3790 ifiiufflh
321 3734 338 3777 fl
356 3718 474 3778 Sississiffl
491 3734 561 3778 l⁰r0
583 3717 739 3779 Widonem
767 3716 1015 3791 archiepiscorum
1058 3731 1119 3785 tare
1135 3738 1233 3785 coram
1251 3723 1384 3798 episcopo
1397 3721 1525 3783 bucensi
1542 3719 1639 3778 dixit:
1660 3715 1692 3777 Si
1710 3714 1758 3776 his
1771 3712 1912 3779 defecero,

161 3806 218 3866 Sibi
241 3806 367 3867 amidis&
390 3808 550 3868 mandisti·
577 3807 727 3882 Pilshesslil
755 3822 824 3866 ΜΟ
843 3804 943 3881 l³⁰lluli
961 3819 1016 3864 VO·
1058 3821 1122 3874 tum
1134 3827 1181 3872 me
1192 3812 1278 3883 Deus,
1294 3818 1322 3870 et
1332 3810 1394 3870 divi
1412 3811 1526 3886 piorum
1541 3805 1749 3869 communione
1765 3801 1911 3877 dejiciant.

159 3894 271 3955 luntate
285 3895 407 3969 legatus,
427 3896 565 3969 postridie
583 3902 739 3956 convocato
756 3896 789 3954 in
808 3891 949 3970 templum
963 3909 1016 3969 po-
1059 3901 1206 3962 Postremo
1231 3901 1376 3961 Arnulius
1402 3913 1492 3973 nepos
1518 3898 1592 3973 ejus,
1619 3894 1742 3955 clericus
1767 3904 1835 3951 cum
1853 3900 1913 3947 una

93 4056 95 4060 ¹
157 3985 236 4060 pulo,
252 3986 286 4046 in
307 3985 476 4045 concionem
493 3983 734 4059 ascendesque
754 3984 882 4045 tumultu
898 3983 1015 4043 tandem
1059 4006 1150 4058 manu
1169 4005 1291 4051 manum
1309 3989 1516 4064 archiepiscopi
1539 3991 1658 4059 teneret,
1678 3984 1769 4044 altera
1797 3992 1913 4040 merum

158 4076 266 4149 sedatu
288 4076 329 4135 ita
357 4076 493 4137 disseruit
509 4099 516 4135 ε
532 4076 669 4138 Nicotaus
696 4075 826 4152 pontilex
856 4076 1014 4149 maximus,
1059 4081 1211 4155 Evangelii
1227 4080 1354 4141 codicem
1370 4077 1755 4155 tangeretitaloculusest:
1769 4067 1914 4130 hominm

159 4164 261 4223 iratres
275 4164 452 4234 charissimi,
465 4164 546 4224 misit
562 4179 610 4224 me
626 4164 664 4224 ad
680 4180 740 4236 vos,
760 4179 818 4224 aon
833 4171 867 4224 ut
878 4163 1016 4225 Ecclesiae
1060 4168 1151 4228 Wido
1165 4168 1410 4244 archiepiscopus,
1429 4166 1506 4243 quod
1521 4163 1654 4241 promisit
1667 4162 1703 4221 de
1716 4158 1844 4220 mstitate
1859 4154 1916 4214 cle·

159 4252 245 4312 Rom.
272 4251 377 4312 honori
402 4260 490 4329 atque
514 4255 702 4330 amplitudini
728 4255 879 4325 servirem,
904 4254 953 4313 sed
984 4260 1017 4314 ut
1061 4259 1207 4329 cicorum,
1235 4256 1401 4318 observabit
1426 4279 1432 4314 :
1459 4268 1555 4328 neque
1581 4249 1760 4313 consecrabit
1785 4246 1914 4319 aliquem

160 4346 264 4403 vestra
287 4342 389 4417 gloriae
412 4349 499 4419 atque
519 4343 606 4404 saluti
633 4344 823 4405 consulerem.
838 4343 914 4414 Quid
937 4342 1016 4402 enim
1060 4354 1166 4422 praeter
1188 4346 1357 4419 monachos,
1372 4360 1461 4421 quem
1485 4342 1634 4418 superiore
1655 4334 1836 4399 sacramento
1852 4345 1913 4391 non

160 4432 270 4492 honore
296 4432 462 4492 tenuissimi
489 4433 620 4494 hominis
645 4435 778 4494 Romana
795 4440 859 4508 eget
877 4431 1015 4505 Ecclesia,
1060 4438 1177 4512 obliget.
1192 4436 1301 4496 Eadem
1320 4434 1417 4496 clerici
1430 4435 1577 4510 jurarunt.
1602 4430 1656 4490 His
1673 4427 1753 4499 actis,
1768 4421 1915 4497 archiepi·
1981 4433 1992 4450 ‘

159 4535 226 4598 qum
248 4520 370 4583 laudum
393 4523 539 4597 preconia
555 4539 594 4584 ex
617 4523 710 4599 ipsius
729 4540 780 4584 ore
796 4530 839 4584 est
858 4494 1163 4602 Salvatoristcopus
1188 4541 1219 4586 se
1244 4525 1363 4601 projecit
1385 4524 1418 4584 in
1444 4531 1560 4594 lemna,
1574 4527 1660 4597 atque
1683 4514 1832 4594 piaculum
1855 4510 1915 4570 sibi

158 4611 363 4686 adeptaeque
380 4619 478 4673 autem
501 4612 650 4688 provincia
666 4612 697 4673 in
717 4613 801 4673 terris
816 4611 933 4686 abeius
954 4611 1015 4671 edi·
1059 4617 1176 4694 injungi
1191 4617 1290 4690 jussit,
1305 4614 1375 4690 quia
1398 4611 1535 4688 quamvis
1559 4624 1593 4669 ea
1616 4607 1730 4682 ipsein
1755 4599 1915 4664 Ecclesiam

161 4700 240 4761 uoce
258 4699 349 4761 libera
363 4701 517 4775 reperitur,
537 4701 623 4775 cujus
636 4701 756 4762 arbitrio
778 4701 877 4775 ipsum
899 4716 1017 4778 quoque
1058 4706 1164 4783 probra
1183 4720 1243 4765 non
1255 4704 1426 4774 invexisset,
1440 4709 1537 4761 umen
1551 4712 1619 4759 cum
1634 4702 1739 4773 possets
1753 4708 1792 4753 0¹
1804 4706 1839 4752 ⁶³
1853 4703 1916 4748 ⁰⁰¹¹

161 4790 270 4852 omium
292 4790 430 4865 aperitur,
446 4799 474 4851 et
489 4791 660 4853 clauditur?
679 4794 779 4863 (bioth.
797 4797 875 4863 xvi.)
894 4792 931 4851 Et
946 4792 1016 4868 qui·
1060 4793 1237 4857 sustulisset.
1258 4793 1385 4866 Legatns
1398 4796 1515 4851 centum
1530 4802 1675 4848 annorum
1692 4781 1843 4860 piaculum
1857 4779 1914 4838 im·

160 4882 237 4954 dem,
257 4884 283 4943 si
301 4890 378 4945 recte
395 4883 583 4958 attenderitis,
601 4882 730 4960 reliquas
747 4882 890 4944 Ecclesiae
907 4884 945 4943 ab
962 4885 1017 4945 ho·
1060 4871 1167 4961 posuit,
1192 4882 1282 4959 idque
1301 4881 1405 4941 redimi
1419 4895 1504 4955 posse
1521 4887 1599 4938 certa
1616 4877 1649 4936 in
1668 4874 1799 4948 singulos
1821 4882 1917 4929 annos

161 4971 292 5032 minibus
314 4973 462 5034 institutas
486 4989 550 5034 csse
576 4972 745 5048 reperietis;
771 4971 929 5033 Ecclesiam
948 4989 1017 5036 vero
1062 4971 1157 5032 soluta
1174 4969 1309 5046 pecunia,
1325 4966 1429 5028 voluit.
1447 4966 1551 5027 Clerici
1570 4963 1694 5025 diversis
1709 4961 1742 5022 in
1761 4960 1821 5019 vita
1836 4955 1916 5031 jeju·

162 5060 325 5123 Romanam
346 5082 364 5124 a
383 5065 443 5124 Deo
469 5065 531 5139 ipso
550 5065 622 5123 esse
636 5062 797 5134 laudatam,
812 5069 898 5137 etque
919 5061 957 5122 ab
983 5079 1017 5123 ea
1061 5061 1121 5121 niis
1134 5058 1263 5140 obligati.
1281 5056 1525 5132 archiepiscopus
1540 5055 1610 5115 inde
1627 5051 1797 5113 mucionem
1815 5059 1919 5105 ascen·

162 5163 231 5208 cum
242 5149 465 5227 reliquaselias,
481 5159 545 5213 tum
563 5152 693 5212 maxime
706 5150 950 5211 Mediolanensem
968 5166 1017 5212 or·
1060 5151 1113 5223 dit,
1139 5164 1181 5220 ac,
1207 5155 1350 5223 prasente
1376 5145 1453 5210 clero
1479 5152 1509 5205 et
1530 5140 1804 5220 populo„clericum
1827 5149 1920 5194 suum

166 5238 270 5298 tussui
283 5238 451 5315 primordia,
462 5240 662 5316 etdisciplinae
675 5238 1016 5314 rudimentasumpsisse.
1058 5241 1157 5315 jurare
1165 5236 1265 5312 iussit,
1285 5252 1316 5294 se
1330 5235 1383 5294 has
1396 5233 1470 5295 duas
1482 5234 1609 5294 hereses
1621 5244 1674 5306 pro
1689 5226 1804 5288 viribus
1813 5221 1921 5321 exstir-

165 5326 241 5399 Quid
256 5330 359 5392 enimi
372 5331 474 5393 Petrus
491 5340 519 5393 et
538 5333 656 5405 Paulus,
671 5331 721 5406 qui
741 5331 903 5391 Romanam
917 5329 1017 5391 Eccle-
1060 5334 1208 5403 patarum.
1224 5325 1393 5399 Eodemque
1408 5339 1440 5383 se
1455 5319 1646 5399 jurejurando
1663 5314 1789 5391 populus
1804 5310 1919 5409 obliga·

164 5416 239 5478 siam
253 5434 308 5479 suo
320 5422 462 5495 sanguine
474 5428 689 5493 consecrarunt,
704 5434 802 5480 nonne
814 5419 1019 5495 huncquoque
1060 5417 1112 5476 vit.
1134 5414 1252 5476 clericis
1270 5423 1415 5490 postremo
1431 5411 1554 5488 pristina
1574 5413 1755 5474 ornamenta,
1782 5403 1921 5462 litteratas

161 5521 213 5581 per
239 5506 400 5583 discipulos
423 5521 492 5570 suos
513 5508 725 5570 instituerunt?
742 5508 817 5568 Nam
841 5508 1018 5568 Naaariusa
1060 5504 1159 5577 etiam,
1174 5512 1202 5565 et
1225 5507 1312 5565 castis
1328 5503 1457 5564 offidnm
1477 5499 1633 5560 redditum.
1648 5496 1767 5571 Reliqui
1780 5489 1922 5588 Ecclesiae

165 5594 241 5656 bino
255 5596 332 5658 Petri
347 5597 491 5674 discipulo
512 5612 594 5659 meru
612 5598 691 5659 tonte
707 5596 837 5669 ablutus,
851 5611 966 5658 morum
984 5596 1017 5656 iu
1062 5602 1176 5656 matum
1202 5593 1346 5665 assocteh,
1365 5588 1600 5665 archiepiscopus
1617 5587 1716 5658 etiam,
1732 5599 1781 5643 eos
1797 5598 1828 5642 se
1847 5579 1922 5638 reli·
