4100 6209
191 255 244 314 ιιι
791 253 891 311 tinen
910 249 1089 323 uuanrus,
1110 251 1220 308 untsr.
1240 249 1307 306 su.
1782 255 1836 313 sm

191 373 320 446 (lluluei.
341 373 391 444 tr),
409 372 473 429 luna
498 381 588 430 antem
606 372 695 443 primo
711 380 805 429 sancta
823 367 1020 429 universalius
1036 375 1130 437 postca
1150 364 1268 421 aedifices
1281 364 1391 421 domum
1404 371 1479 421 tuam
1496 364 1592 439 (itis.)
1611 385 1622 422 ι
1640 366 1694 425 Sed
1711 370 1835 445 gubqtds
1953 383 1963 400 ·

190 466 323 533 Εωιωίι,
337 465 437 522 deinde
449 478 564 536 meque
577 463 664 521 ditetis
687 473 730 522 est
742 465 833 520 anima
848 462 920 532 eius,
934 459 982 533 qui
1036 455 1194 512 interiorem
1205 453 1343 511 bominem
1355 469 1435 534 sunm
1446 455 1480 511 de
1493 455 1537 514 dle
1553 456 1581 516 in
1594 456 1667 515 diem
1684 461 1834 519 ιιιιιιιιιιιι

189 557 319 629 splendor
342 567 384 614 est
395 555 499 629 glurim
512 565 542 612 et
567 557 653 628 ligura
668 555 827 612 substantie
841 553 936 627 (llebn
951 551 983 623 t),
1034 545 1157 617 Apostoli
1167 545 1331 602 seutentiam
1345 543 1458 617 (licor.
1471 544 1642 617 ιι)ιιιιοιιι,
1653 549 1837 622 palmularum

138 665 142 672 ·
189 646 223 703 de
236 645 321 704 radiis
333 644 559 702 illustrandum
572 661 638 717 ergo
646 656 739 703 sancta
752 645 880 718 quislibet
892 644 983 700 anima
1035 652 1114 694 sunm
1129 637 1215 696 diuini
1227 637 1341 694 terroris
1351 637 1487 709 ligonibus
1498 638 1603 707 sulcat;
1619 640 1671 697 iste
1682 656 1736 698 non
1751 658 1836 717 super

189 735 364 808 sumpturi
376 750 427 792 suu
440 736 577 793 renuiter
585 735 611 790 iu
619 751 712 791 amore
722 735 908 808 cunjungitur,
921 750 983 792 eum
1034 730 1137 801 spims,
1149 730 1197 786 sed
1212 744 1294 800 suuper
1304 729 1410 785 nonalia
1425 729 1553 800 seminat,
1565 738 1596 787 ut
1614 734 1756 790 centesimi
1768 749 1832 806 prn-

187 827 344 898 eideniqne
359 825 471 883 ructio
484 826 604 896 sponsali
618 827 738 883 thalamo
751 842 800 899 per
817 827 982 884 oblectatio·
1034 828 1133 875 venius
1146 830 1266 890 segnem
1282 828 1377 876 metat.
1391 818 1469 877 Unde
1479 820 1546 876 dicit
1556 819 1725 893 spostolus:
1741 842 1751 877 ι
1764 823 1833 893 Quia

187 919 231 975 nis
252 919 356 975 intimas
375 917 509 991 glutinum
535 918 694 991 omninum
718 918 887 991 tunrprocnl
901 917 984 974 dubio
1033 910 1376 983 cnisemiuutinspiuuu,
1391 911 1535 982 despicite
1550 921 1635 970 metet
1652 915 1739 972 uitam
1752 925 1834 974 aeter·

186 1008 390 1065 manitatem
405 1006 561 1065 Neomenias
577 1008 710 1074 celebret,
728 1011 792 1066 cum
807 1009 982 1067 reformatam
1034 1018 1097 1057 nant
1111 1001 1185 1075 (dul.
1202 1001 1251 1075 rt).
1272 1021 1282 1055 ι
1297 1002 1349 1072 Qui
1361 1018 1427 1060 uero
1441 1003 1545 1061 lructus
1558 1015 1586 1062 et
1610 1007 1637 1062 in
1659 1008 1711 1064 irae
1725 1009 1780 1065 rita
1798 1010 1834 1066 du

186 1115 216 1157 se
230 1116 247 1157 a
261 1114 380 1172 superno
393 1099 496 1156 lumine
509 1099 624 1157 lratrum
636 1116 748 1157 suorum
772 1100 926 1172 aspectibus
940 1116 984 1157 ru·
1034 1092 1131 1162 spirito
1144 1092 1320 1164 colligantur,
1335 1093 1410 1148 idem.
1420 1093 1485 1151 alibi
1512 1095 1657 1166 diligenter
1675 1110 1831 1166 enumerat,

185 1201 345 1265 presentat,
357 1191 429 1248 sient
439 1191 506 1248 dicit
522 1190 688 1263 Apostolus:
708 1209 718 1243 ι
733 1190 784 1259 Qui
797 1190 918 1247 adhaeret
929 1191 982 1247 bu
1034 1182 1151 1239 dicens:
1170 1201 1180 1236 t
1197 1181 1315 1239 Fructus
1325 1193 1415 1240 autem
1427 1185 1540 1257 spiritus
1553 1194 1606 1253 est,
1620 1188 1755 1257 ebaritas,
1766 1206 1831 1263 gau·

185 1285 272 1350 mino,
285 1298 355 1339 unus
372 1281 486 1354 spiritus
502 1289 545 1338 est
558 1280 585 1355 (l
597 1280 659 1338 Cor.
673 1280 723 1353 rr).
741 1301 751 1334 ι
772 1279 840 1336 llam
854 1281 877 1336 si
899 1280 926 1336 in
941 1280 984 1337 itis
1033 1273 1120 1340 dum,
1147 1289 1211 1345 itt,
1231 1274 1373 1345 patientia,
1390 1274 1594 1348 longanimitas,
1609 1278 1729 1348 bouins,
1751 1281 1830 1338 beni-

184 1374 314 1430 omatibus
326 1373 414 1430 sultam
432 1373 555 1430 exterior
566 1371 612 1428 ilie
634 1370 836 1427 solemnitatum
853 1371 921 1425 ritus
937 1384 983 1425 ae·
1032 1370 1133 1438 guitur,
1160 1372 1349 1439 mansuetudo,
1376 1372 1453 1439 lides,
1482 1373 1630 1439 modestia,
1652 1376 1830 1445 continentia,

183 1467 297 1537 cipitur,
310 1463 430 1534 nmtjam
443 1479 476 1519 es
492 1463 536 1520 bis
548 1462 675 1518 utilitatis
700 1460 801 1532 aliquid
816 1460 981 1517 nobisvide·
1032 1459 1147 1516 castitas
1164 1458 1239 1532 (Gal.
1254 1461 1293 1530 r).
1309 1480 1319 1514 ι
1334 1461 1464 1532 Οιίιᾳυίι
1475 1463 1557 1534 igitur
1567 1463 1617 1520 bns
1631 1463 1737 1544 lrnetua
1757 1467 1828 1524 lutra

184 1568 233 1612 tur
254 1571 336 1629 posse
357 1555 487 1620 conferri,
503 1555 551 1610 sed
577 1553 872 1625 superstitinsnpntius
895 1551 980 1624 erigi,
1032 1562 1089 1603 snae
1102 1550 1201 1605 mentis
1214 1549 1342 1606 laumeum
1356 1549 1467 1622 colligit,
1481 1551 1831 1624 bicproculdubiosnlem·

182 1661 218 1706 uc
236 1649 333 1704 lriroia
357 1646 487 1717 judicari.
503 1646 571 1703 lline
584 1658 628 1703 est
652 1646 725 1718 qnod
750 1643 896 1718 Apostolus
919 1645 979 1701 ait:
1033 1639 1148 1695 nitatem
1164 1638 1300 1696 durorum
1314 1639 1460 1697 salubriter
1472 1641 1548 1700 colit.

186 1740 301 1795 «diemo
311 1737 442 1808 diiudicet
452 1752 501 1794 ros
513 1738 541 1794 in
555 1738 628 1804 cibo,
642 1744 690 1793 aut
709 1745 785 1808 potu,
803 1744 851 1791 aut
865 1736 892 1793 in
904 1732 1020 1809 partell
1069 1728 1172 1786 Deinde
1196 1731 1322 1802 scquiltu
1341 1729 1478 1788 lestlritas
1497 1732 1599 1789 mensis
1618 1733 1740 1806 septimi,
1768 1750 1830 1808 quas

183 1834 240 1889 dlei
252 1831 326 1893 lesti,
343 1839 390 1887 ant
399 1830 554 1895 neomenia,
569 1838 615 1884 ant
630 1828 762 1895 Scibam,
773 1844 833 1899 qttre
847 1839 911 1885 sum
924 1845 982 1883 tum·
1028 1821 1134 1890 ,dieitur
1146 1822 1298 1894 clangoris,
1309 1823 1368 1880 sire
1378 1819 1527 1880 Tnbarnm.
1540 1823 1587 1882 Sic
1597 1826 1671 1883 enlm
1685 1826 1758 1884 inter
1772 1827 1831 1884 dics

182 1925 237 1980 bra
251 1922 406 1977 interorum
418 1920 533 1991 (cotona.
549 1919 593 1992 ιι).
608 1938 618 1973 ι
636 1918 713 1988 Quod
740 1932 807 1992 ergo
831 1927 896 1974 tune
921 1927 982 1974 erat
1029 1901 1293 1988 'septimusquistpun
1308 1916 1409 1973 dieitur
1423 1916 1584 1986 Sabbatum,
1602 1918 1640 1974 ita
1653 1917 1829 1976 nibilominus

183 2014 284 2068 umbra
309 2012 461 2068 ltttnmrum
483 2010 587 2075 iudan,
607 2024 680 2065 nunc
702 2018 744 2065 est
757 2008 888 2065 exhibitio
908 2024 980 2081 pras·
1029 2014 1059 2061 et
1072 2006 1143 2061 inter
1160 2020 1277 2073 menses,
1292 2007 1339 2078 uui
1353 2007 1484 2078 septimus
1499 2016 1553 2073 est,
1566 2008 1669 2065 dieitur
1678 2007 1829 2066 Sabbatum

183 2103 306 2158 sentium
323 2101 478 2158 cbristiano
494 2118 502 2154 ι
521 2108 550 2156 et
563 2098 635 2170 urtod
667 2098 720 2155 iliis
745 2099 837 2154 datum
863 2107 907 2154 est
929 2099 981 2155 snb
1031 2095 1178 2161 mensium,
1197 2104 1228 2151 ut
1243 2096 1490 2155 etiamSabbatuut
1503 2098 1691 2155 sabbatorum.
1708 2097 1776 2168 Quis
1785 2111 1830 2157 est

182 2190 369 2249 exterioribus
394 2188 576 2254 ceremoniis,
603 2187 682 2243 nomn
701 2186 801 2242 lactum
815 2194 858 2243 est
881 2187 982 2242 iustru-
1031 2187 1490 2259 autemclangorllletnbarum,cul
1499 2189 1648 2247 debeamus
1660 2203 1751 2247 annua
1760 2192 1828 2249 iusta

182 2292 309 2339 mentum
333 2282 517 2354 intelligentiae
541 2280 699 2352 spiritualis.
729 2279 806 2337 Tunc
824 2281 897 2336 enim
917 2295 981 2336 neo·
1029 2275 1829 2355 persolvere,nisierangelicaetapostolicadoctrina,qum

183 2375 319 2439 naeniam,
333 2375 385 2430 boc
412 2381 465 2440 est,
480 2387 559 2428 norae
575 2371 645 2426 lunae
665 2370 781 2428 colimus
802 2379 904 2437 crtum,
918 2386 980 2428 curn
1031 2377 1162 2439 tanguam
1172 2367 1284 2426 coeloste
1296 2369 1456 2437 tonitruum,
1469 2384 1502 2427 ac
1513 2370 1644 2428 terribilis
1653 2370 1768 2429 buccina
1779 2390 1830 2431 noe

183 2474 307 2521 vetereto
323 2464 482 2533 deponimus
496 2460 645 2528 ltontinem,
666 2470 695 2517 et
712 2469 815 2518 sancte
834 2475 982 2520 eonversa-
1031 2460 1065 2517 ad
1075 2460 1244 2532 procinctum
1260 2460 1682 2535 spiritualismilitiaeprorocat:
1704 2474 1787 2537 atqtm
1799 2477 1830 2521 ιιι

182 2557 269 2614 dunis
283 2556 421 2613 induimus
431 2556 592 2612 nouitatem.
1030 2551 1367 2623 pmeastrisimperatoris
1373 2551 1574 2609 etemiccutra
1581 2554 1710 2625 nequitie
1716 2556 1831 2627 spiritus

215 2648 325 2718 οιιιιιο
336 2648 396 2704 loco
410 2647 549 2704 Pascbalis
558 2646 629 2718 apud
640 2646 700 2705 illos
715 2647 977 2717 lestlritaspnnitur,
1032 2643 1255 2701 inloedcrabiliter
1270 2643 1443 2728 dimicemus,
1458 2645 1587 2718 instigati
1598 2644 1666 2714 Quis
1690 2656 1733 2704 est
1752 2662 1827 2720 ergo,

182 2740 210 2795 in
224 2755 281 2810 qua
297 2754 369 2795 nunc
384 2739 454 2809 apud
469 2754 520 2795 nou
531 2739 627 2811 tignus
643 2738 698 2804 ille,
714 2738 760 2810 qtti
781 2738 852 2795 tollit
865 2748 978 2810 peccata
1030 2735 1076 2806 qui
1097 2735 1223 2792 tubarum
1234 2735 1293 2792 sire
1303 2735 1438 2808 clangoris
1450 2734 1550 2792 lestum
1564 2737 1684 2810 legitime
1696 2739 1828 2806 celebret,

182 2831 292 2894 ιιιιιιιιιί,
310 2844 363 2900 pro
375 2830 457 2885 totitts
469 2828 561 2885 seculi
586 2828 675 2886 saltate
688 2838 825 2886 mactatur
837 2829 928 2900 (loun.
947 2828 979 2900 r).
1031 2826 1084 2883 uisi
1095 2826 1141 2897 gul
1153 2825 1309 2898 Scripturas
1318 2826 1426 2884 Veteris
1436 2842 1469 2884 ac
1481 2827 1548 2884 b'oti
1559 2829 1726 2886 Testamenti
1739 2832 1831 2889 studet

181 2922 252 2977 Nam
267 2922 368 2992 pasclta
382 2928 504 2976 nostrum
522 2919 676 2975 immolatus
689 2916 979 2986 estchristusilGor.
1031 2920 1060 2976 in
1075 2920 1195 2977 armario
1206 2935 1263 2975 snae
1285 2920 1385 2975 mentis
1401 2920 1550 2988 includere,
1575 2936 1608 2978 ae
1623 2933 1759 2994 pmcepta
1772 2938 1830 2980 tte·

180 3013 220 3084 ι).
234 3011 308 3067 lluie
320 3011 493 3067 continuatur
511 3009 655 3075 lestlritas,
672 3024 733 3080 quat
750 3009 849 3066 dicitur
861 3009 981 3081 Azymn·
1032 3010 1110 3068 lestis
1135 3011 1223 3067 tenaci
1250 3025 1359 3083 semper
1379 3012 1517 3066 memoriae
1540 3012 1753 3068 commendaret
1767 3012 1831 3069 lime

180 3118 255 3164 rum.
271 3102 298 3156 in
311 3116 365 3173 gua
378 3099 545 3173 praecipitur,
569 3107 599 3155 nt
613 3114 630 3155 e
645 3099 753 3156 cunctis
776 3100 902 3156 domibus
913 3100 980 3173 abji-
993 3085 1018 3151 C
1033 3102 1199 3174 itaquelesta
1209 3103 1411 3160 celebrantibus
1423 3103 1702 3175 ritepeerpiaetam
1714 3105 1829 3161 dieitur:

182 3197 371 3251 maturemus
383 3191 559 3248 fermentum.
572 3189 659 3259 Qttam
686 3192 779 3263 nuque
794 3190 979 3259 lestlritatcm,
1026 3209 1046 3294 ¹t
1059 3191 1155 3248 canite
1169 3191 1249 3247 initio
1262 3191 1364 3247 mensis
1375 3192 1440 3247 tuba
1453 3190 1481 3247 in
1494 3192 1538 3248 die
1551 3191 1649 3263 insigni
1668 3191 1828 3250 solemnito-

180 3301 243 3357 cuae
258 3284 386 3344 uidelicet
400 3297 454 3340 nna
468 3298 530 3341 cum
544 3283 647 3341 Pascba
659 3284 776 3340 dicenda
791 3293 844 3350 est,
860 3300 911 3341 nos
934 3299 981 3340 re-
1032 3285 1176 3342 tisrcstrae
1190 3282 1278 3355 (Psoi.
1293 3283 1388 3355 cata).
1406 3303 1416 3336 t

180 3377 290 3432 raciter
303 3374 483 3440 celebramus,
502 3373 526 3429 si
537 3371 701 3429 termentum
716 3373 828 3431 malitie
843 3373 981 3444 etnequi·
1066 3373 1326 3432 ruthenenses
1348 3372 1393 3429 illa
1415 3372 1559 3440 lestlritas,
1588 3387 1650 3445 que
1675 3374 1831 3432 celebratum

181 3467 226 3523 tie
248 3466 285 3522 de
298 3464 473 3523 tabernaculo
491 3464 577 3521 nns‘tri
601 3464 692 3521 cordis
714 3464 867 3537 abjicimus,
882 3475 910 3522 et
924 3467 981 3521 sin·
1031 3467 1136 3524 decium
1156 3467 1201 3522 die
1213 3466 1316 3523 mensis
1328 3466 1447 3536 septimi,
1464 3466 1492 3521 in
1514 3481 1568 3536 qua
1582 3467 1708 3524 uidelicet
1722 3469 1830 3526 animas

180 3554 309 3612 cediatis
325 3568 359 3610 ae
373 3553 495 3610 veritatis
508 3568 603 3625 asyma
621 3552 798 3610 custodimus.
823 3552 980 3611 &rendum
1031 3574 1095 3617 suas
1119 3556 1206 3614 ludaei
1229 3559 1425 3630 precipiantur
1436 3556 1567 3631 allligere.
1590 3558 1645 3616 llos
1657 3561 1741 3617 etiam
1755 3563 1826 3619 itanc

180 3656 315 3718 estergm
326 3659 361 3701 ne
374 3644 411 3700 sit
424 3645 452 3700 in
466 3645 602 3701 mentibus
614 3646 715 3701 nostris
727 3644 901 3702 adumbratio
913 3644 979 3714 luci,
1032 3652 1085 3708 rite
1109 3650 1308 3707 solemnitatem
1337 3649 1463 3715 colimus,
1478 3665 1542 3708 cum
1567 3665 1679 3708 mntem
1707 3663 1829 3709 nostram

181 3735 340 3809 corruptela
352 3734 492 3803 lermenti,
504 3750 619 3793 caverna
631 3735 778 3803 mendacli;
793 3737 941 3809 sedpntins
952 3740 980 3795 in
1031 3741 1214 3798 maceratione
1239 3740 1406 3812 castigamus
1424 3739 1534 3807 inedie,
1560 3755 1622 3796 cum
1649 3742 1830 3814 nosmetipsos

181 3826 264 3883 domn
275 3825 363 3882 nostri
377 3825 594 3898 pectorisrigeat
606 3833 634 3883 et
644 3826 772 3898 puritatis
786 3826 937 3901 integritas,
952 3838 980 3884 et
1032 3833 1205 3904 reprimimus
1221 3830 1273 3887 sub
1292 3840 1376 3887 arctae
1390 3830 1512 3887 custodia
1527 3830 1695 3903 discipilum
1709 3848 1772 3888 cum
1785 3835 1831 3890 de·

181 3915 455 3973 soliditasreritatis.
1032 3925 1113 3997 nique
1137 3922 1294 3996 petulantes
1326 3922 1477 3979 ramalium
1502 3923 1660 3994 passionum
1686 3922 1829 3983 illecebras

213 4008 436 4076 Postumilla
451 4006 731 4081 lestiritnsseguitur,
746 4008 981 4080 quaediciturlio-
1030 4014 1224 4087 crucidgimns,
1242 4029 1305 4071 eum
1319 4028 1419 4084 corpus
1442 4022 1566 4069 nostmm
1584 4027 1635 4085 pro
1661 4010 1777 4070 Domino
1791 4014 1832 4070 la-

181 4115 292 4164 rornm,
312 4098 518 4172 comprimitis
533 4098 639 4156 scilicet
661 4098 786 4156 denonis
804 4098 981 4172 lrugibusnl·
1030 4106 1143 4163 boribus
1154 4115 1183 4162 et
1196 4102 1328 4161 arumnis
1342 4101 1499 4169 atterimus,
1513 4117 1576 4159 cum
1596 4099 1753 4162 interiorem
1781 4104 1831 4161 lto-

181 4191 321 4249 iurantur.
334 4189 402 4246 Cum
415 4190 491 4246 enim
502 4188 537 4246 ad
550 4190 734 4248 maturitatem
747 4200 869 4265 segetum
883 4207 980 4266 perre-
1031 4196 1133 4253 minem
1146 4210 1197 4267 per
1209 4192 1429 4266 compunctionis
1441 4207 1475 4249 ac
1487 4191 1600 4249 detnum
1625 4192 1744 4251 lamenta
1767 4210 1828 4251 ma·

182 4283 270 4342 nitur,
283 4289 349 4337 tnnc
360 4281 387 4336 in
398 4279 565 4352 pedecnoue
580 4281 712 4338 bouumm
723 4281 859 4340 imctunm
874 4281 979 4340 auctori
1031 4296 1147 4345 stamus.
1161 4287 1238 4344 lianc
1250 4285 1334 4358 igitur
1344 4285 1424 4341 nobis
1435 4284 1488 4341 boe
1502 4284 1583 4343 modo
1596 4283 1773 4343 festivitatem
1785 4300 1833 4344 ne-

180 4373 320 4433 bonorum
334 4376 390 4432 beo
400 4374 534 4433 lestlritas
545 4375 644 4448 agitur.
657 4373 712 4431 llos
723 4388 831 4446 qumpue
843 4371 979 4429 lictorum
1034 4377 1201 4434 lebrantibus
1218 4375 1412 4449 repropitiatur
1435 4374 1586 4447 biennem
1606 4376 1747 4447 proposuit
1758 4375 1831 4435 Deus

181 4469 318 4527 solemnia
335 4470 467 4544 gerimus,
480 4469 504 4526 si
521 4468 598 4542 prius
611 4483 707 4541 agrum
733 4466 820 4523 nostrl
834 4466 926 4524 cordis
939 4466 981 4522 di·
994 4438 1021 4500 ⁰
1033 4465 1239 4538 propitiatorem
1253 4478 1304 4536 per
1315 4464 1396 4520 lldrm
1411 4464 1585 4536 insanguine
1598 4478 1658 4521 sno.

181 4559 308 4631 seiplinae
327 4574 437 4615 romerc
460 4558 677 4629 proscindentes,
701 4556 832 4612 uirtutum
857 4555 979 4627 germina
1069 4555 1171 4614 Octava
1185 4568 1262 4621 vero,
1276 4568 1338 4625 qun
1350 4561 1378 4610 et
1388 4553 1482 4609 ultima
1497 4553 1831 4621 solemnitasestdicitur

180 4651 350 4723 spargimus,
365 4662 395 4705 ut
412 4650 475 4704 boni
488 4648 659 4721 postmodnm
671 4648 762 4719 operis
773 4646 909 4703 frumenta
925 4629 995 4701 mes
1035 4646 1213 4719 scenopegia,
1229 4647 1282 4703 lace
1293 4653 1346 4710 est,
1362 4644 1608 4714 tabernaculorum,
1621 4660 1682 4716 uuae
1703 4646 1830 4704 uidelicet

183 4751 288 4796 tamus.
303 4738 378 4796 Unde
390 4754 439 4810 per
451 4739 610 4810 prophetam
621 4737 721 4793 dieitur
734 4754 741 4791 ε
756 4754 766 4790 ι
783 4735 886 4793 Nouate
902 4734 981 4807 1³5
1034 4737 1237 4810 quintodecimo
1250 4736 1295 4792 die
1306 4735 1428 4807 ejusdem
1442 4734 1550 4808 septimi
1563 4736 1664 4793 mensis
1674 4737 1770 4808 incipit
1782 4753 1829 4793 oe·

184 4828 264 4886 robis
274 4829 380 4894 rmvale,
393 4838 420 4885 et
430 4828 514 4883 nolite
527 4841 619 4884 serere
629 4840 711 4898 super
723 4826 817 4897 spinas
829 4825 896 4900 (der.
912 4827 978 4893 rr).t
1034 4827 1350 4887 iubearibaetaturenim
1357 4826 1428 4883 licus
1438 4826 1829 4900 intecnmtequasipeuegri-

185 4920 223 4979 bu
235 4922 312 4976 bono
323 4920 427 4977 scilicet
439 4920 558 4992 agricola
570 4918 698 4974 Salomon
716 4920 776 4974 ait:
792 4937 802 4970 ι
820 4916 872 4986 Qui
885 4933 982 4988 opera·
1034 4935 1099 4976 uum
1106 4916 1367 4985 cernit,eteusulem
1377 4935 1385 4972 ε
1394 4925 1422 4973 et
1431 4932 1484 4973 non
1499 4918 1526 4974 in
1534 4917 1630 4988 patriae
1636 4918 1828 4984 domibus,sed

184 5021 229 5069 tur
241 5018 346 5068 terram
364 5025 453 5075 suam,
479 5009 604 5065 inaltabit
627 5022 754 5065 aceruum
783 5007 891 5081 lrugnm
910 5025 918 5063 t
934 5008 980 5078 gui
1035 5012 1062 5066 in
1077 5009 1165 5066 exsilii
1189 5008 1371 5067 tabernaculis
1395 5008 1528 5080 conspicit
1552 5008 1730 5064 habitantem.
1749 5007 1829 5063 «lion

184 5113 320 5174 operatur
342 5102 486 5174 justitiam,
506 5102 566 5173 ipse
589 5101 753 5158 exaitabitur
779 5101 876 5172 (dccli.
890 5101 949 5172 rr).
968 5119 978 5152 ι
1038 5103 1121 5177 130
1133 5103 1206 5159 enim
1220 5102 1265 5159 hic
1285 5102 1418 5158 babemus
1442 5109 1596 5157 manentem
1611 5100 1760 5166 ciuitatem,
1782 5103 1830 5160 sed

183 5190 224 5247 lle
250 5191 399 5264 negligenti
424 5206 532 5264 utroque
549 5191 675 5263 npemmo
698 5191 769 5247 idem
799 5189 912 5247 dicitur
930 5189 983 5244 Per
1037 5191 1156 5247 suturam
1174 5191 1337 5262 inquirimus
1366 5188 1461 5261 (ileu.
1478 5191 1551 5261 urst).
1575 5190 1669 5247 ulium
1693 5191 1766 5246 euim
1786 5191 1831 5246 iric

184 5298 284 5354 agrum
311 5282 430 5339 hominis
455 5284 524 5355 pigri
548 5283 673 5349 transiri,
692 5292 721 5339 et
734 5297 782 5353 per
795 5282 902 5337 cineam
929 5281 981 5336 riri
1035 5283 1236 5351 cernimusper
1257 5281 1354 5336 molem
1373 5282 1508 5350 corporis,
1521 5281 1677 5337 habitamus
1690 5289 1782 5338 autem
1800 5283 1828 5337 lu

183 5374 281 5439 suatum
296 5381 325 5429 el
335 5385 399 5430 ecce
410 5381 495 5430 tntum
510 5374 682 5445 repleverunt
694 5374 799 5440 urtice,
817 5385 982 5443 operuerunt
1035 5373 1160 5443 emlnper
1171 5372 1289 5427 studium
1304 5371 1473 5438 intentionis,
1492 5387 1553 5427 cum
1570 5380 1697 5442 tanqumu
1712 5371 1830 5427 uiatores

184 5465 360 5536 superficiem
375 5465 834 5538 ciusspimc,etmaecrialapidum
847 5468 985 5522 destructa
1037 5466 1164 5538 quidam,
1179 5474 1206 5520 et
1216 5464 1340 5528 advene,
1352 5478 1402 5534 per
1415 5464 1574 5534 despectum
1596 5463 1694 5519 mentis
1712 5478 1829 5534 presert-

185 5553 346 5626 erat(l‘rnc.
359 5558 444 5628 arur).
459 5574 469 5609 ι
485 5555 637 5612 utiterum:
653 5556 987 5626 ‹Pmparuinquiutuns
1038 5561 1074 5614 tia
1085 5566 1183 5615 cuncta
1199 5556 1468 5618 transcttrrimus.ad
1482 5570 1704 5626 superstantium
1714 5555 1828 5626 patriam

186 5667 257 5721 opus
283 5660 408 5719 tuutn,et
432 5652 576 5722 diiigenter
606 5665 705 5708 eterne
724 5666 818 5722 ugrum
845 5660 930 5719 tuum,
957 5663 985 5705 nt
1038 5651 1125 5707 uuuiis
1140 5648 1336 5704 desideriorum
1351 5648 1478 5720 gradibus
1492 5647 1661 5714 festinamus,
1678 5655 1830 5701 tarnuane-
