4100 6209
148 274 216 336 tots
606 272 697 334 ntus
716 272 769 337 SS.
789 273 982 336 denudent
1000 276 1050 337 ΕΤ
1069 277 1239 339 nnnlnrul
1258 277 1446 341 temnant.
1835 286 1906 352 tols

145 401 288 458 minuset
308 397 517 473 tutelamymas
530 412 663 457 mearum
677 400 1036 476 quoquelacrpmarumrl
1080 402 1184 462 «Erat
1209 408 1307 462 antem
1339 418 1399 462 nox
1431 403 1484 464 illa
1520 398 1686 480 praecedens
1723 408 1902 474 Dominicam
1990 408 1992 413 ’

148 491 252 550 flerent
264 490 457 565 genitrices.»
1044 490 1122 548 diem
1148 495 1176 549 et
1201 489 1233 549 Β.
1261 489 1410 555 Michaelis
1437 492 1631 555 testivitatem.
1667 497 1799 573 Cumque
1830 500 1903 563 lacto

181 580 216 640 ln
230 580 330 655 regula
348 595 464 655 unoque
479 581 625 642 eremitica
647 582 701 641 lroc
719 583 876 643 inseruisse
896 600 942 643 me
962 602 1004 644 re
1044 595 1129 639 mane
1149 579 1185 639 ad
1205 579 1376 654 preadictum
1400 597 1499 641 senem
1526 582 1613 643 irater
1631 584 1680 644 ille
1706 588 1842 660 venisset,
1865 591 1901 651 ti·

145 668 219 729 colo.
240 668 350 728 Dicam.
372 668 428 728 Sed
451 670 517 744 qais
538 670 607 728 sciat
628 677 728 730 utrum
755 671 828 730 tides
851 673 1002 733 assertioni
1044 682 1184 743 mensque
1200 682 1236 727 ne
1249 668 1285 727 de
1298 669 1470 729 discretione
1490 670 1722 746 redargueretur,
1737 690 1805 737 cunr
1824 679 1902 753 quod

146 757 326 819 fidelissimas
344 757 537 833 praebeatur?
556 758 611 819 Sed
625 760 894 835 parvipendendum
916 768 959 821 est
977 763 1002 822 si
1043 765 1147 829 egerat,
1164 759 1362 832 perordinem
1380 759 1534 831 retulisset,
1556 762 1610 821 lrac
1623 762 1673 821 ille
1689 780 1758 824 rece
1783 783 1901 844 respon-

147 851 277 910 humana
290 851 436 909 temeritas
448 859 548 921 arguat
567 867 654 927 quern
675 867 789 911 summa
803 854 909 914 veritus
921 854 1001 914 salsi·
1042 845 1107 905 dil:
1127 846 1202 916 Noli,
1223 848 1319 920 irater,
1341 849 1541 924 pusillanimis
1556 867 1619 911 esse
1638 853 1684 910 vei
1707 870 1758 928 pro
1781 856 1837 917 lrac
1851 863 1902 919 tna

146 940 211 998 tatis
231 934 431 998 excusat.'Est
451 939 528 998 inter
553 956 606 1000 nos
625 942 678 1017 qui
697 957 920 1017 nonnunquam,
940 958 1000 1002 uno
1043 951 1110 1009 uuae
1137 952 1217 996 1111ssss
1243 945 1295 1010 θεῖ,
1326 938 1497 999 issflrmiiaiss
1524 940 1673 1013 diffideret
1705 950 1794 1019 poledi
1821 947 1900 1008 euim

142 1028 191 1087 die
202 1027 371 1087 continuato
383 1041 450 1087 cum
461 1035 553 1099 nocte,
569 1044 675 1088 norem
687 1031 820 1105 psalteria
836 1032 1000 1091 meditando
1045 1023 1119 1083 Deus
1144 1040 1182 1083 ex
1209 1026 1278 1085 imis
1307 1034 1335 1085 te
1360 1028 1396 1087 ad
1423 1029 1525 1088 altiora
1552 1032 1719 1105 provehere,
1747 1040 1775 1092 et
1811 1035 1901 1110 nujus

143 1118 287 1190 decurrat,
303 1118 460 1177 etinterim
475 1135 548 1193 pene
566 1129 817 1197 semporutraqua
832 1138 922 1183 manu
936 1138 997 1182 ιω.
1045 1110 1171 1174 lacteolaa
1192 1121 1251 1174 tua
1274 1118 1500 1177 conversationis
1524 1119 1677 1179 infantiam
1699 1121 1735 1180 ad
1760 1123 1902 1197 juvenilis

141 1206 187 1282 pis
201 1213 313 1265 armata
332 1206 445 1265 nudum
470 1222 575 1282 corpus
590 1208 706 1268 alliciat.
723 1209 889 1271 Notandum
903 1218 1000 1271 autem
1042 1204 1153 1264 roboris
1177 1206 1354 1266 incrementa
1376 1207 1502 1267 llrmare.
1525 1208 1560 1267 lit
1580 1209 1719 1285 adjiciens
1743 1212 1784 1271 ait
1806 1232 1813 1272 ε
1842 1214 1901 1277 nos

141 1296 306 1373 naiadum
328 1297 391 1356 bac
411 1312 548 1372 peragere
566 1299 678 1371 satagit,
703 1307 786 1360 noete
802 1301 847 1360 vel
863 1300 911 1361 die
933 1301 1000 1361 dor·
1041 1292 1129 1351 eiiam
1158 1293 1252 1367 dliffl⁰
1278 1295 1452 1368 dideidssiiffl
1484 1297 1635 1370 coepimus,
1661 1302 1828 1376 sensimque
1863 1305 1900 1363 dd

141 1389 216 1448 mire
237 1403 294 1447 non
312 1394 403 1459 vacat,
423 1388 473 1447 sed
491 1387 647 1463 aliquando
667 1406 763 1465 genua
781 1392 907 1464 nectens,
926 1391 998 1451 tium
1041 1382 1118 1457 (limi
1147 1397 1201 1441 ¹¹⁰⁸
1222 1382 1322 1441 divina
1341 1384 1432 1458 Didiis
1454 1385 1610 1459 perducti?
1628 1386 1732 1461 V0i¹¹iir
1754 1390 1821 1449 iicet
1841 1391 1900 1453 im·

141 1486 227 1553 caput
242 1486 325 1538 terras
337 1477 463 1551 deponit,
488 1478 530 1537 sic
546 1478 625 1539 nudo
647 1488 762 1555 repente
775 1496 895 1541 somnus
914 1482 997 1541 obre·
1041 1470 1158 1531 bediiidfl
1177 1487 1210 1532 ἃ(
1223 1470 1340 1547 iidssiiffl
1363 1475 1459 1534 ‘ducii
1479 1490 1590 1534 sumus.
1612 1475 1717 1553 sicque
1732 1480 1839 1541 facium
1854 1487 1898 1542 dii

141 1570 193 1644 pit,
209 1585 268 1647 quo
288 1570 349 1630 ⁸010
363 1576 517 1630 contentus
535 1578 587 1630 esu,
611 1571 666 1631 ffic
681 1572 752 1632 mppr
771 1573 929 1647 anquando
944 1575 998 1633 pa.
1041 1568 1075 1621 nt
1092 1575 1150 1620 non
1172 1576 1241 1620 eum
1255 1560 1291 1621 do
1314 1561 1504 1623 immoderato
1517 1564 1640 1638 terrore,
1660 1566 1736 1627 sicut
1749 1568 1800 1628 ille
1813 1569 1899 1630 dme-

141 1664 223 1718 terna
235 1656 430 1719 familiaritate
448 1666 624 1734 conquestus
642 1666 695 1731 est,
716 1661 785 1737 unia
803 1679 869 1722 cunr
892 1678 997 1723 norem
1041 1651 1100 1724 bat,
1133 1661 1275 1726 argueret,
1308 1651 1357 1711 sed
1384 1667 1421 1711 ¹¹0
1454 1653 1648 1727 ididdffliiiissi
1687 1657 1897 1733 succumberet,

140 1746 182 1806 sc
196 1746 331 1822 aarum
343 1762 420 1820 saue
432 1748 610 1809 maturando
627 1749 788 1824 perrara,
800 1752 836 1810 aa
850 1746 1182 1822 oecrmumutauuuam
1208 1740 1259 1817 oui
1277 1740 1436 1800 minumum
1456 1740 1529 1817 auid
1547 1743 1647 1816 egent
1663 1744 1795 1805 animum
1822 1746 1897 1808 rato-

140 1850 293 1909 nunquam
308 1837 605 1912 potueriapurvenpu
1042 1836 1133 1888 reret.
1151 1830 1249 1905 Hujus
1267 1830 1364 1907 itaque
1389 1831 1481 1890 sancti
1503 1833 1582 1891 senis
1600 1833 1735 1908 exemplo
1760 1834 1900 1897 metenda

175 1923 209 1984 In
228 1924 347 2000 epistola
366 1940 492 1999 quoque,
509 1940 596 2001 quam
616 1925 731 1988 Blaucae
751 1929 907 1989 comitissas
919 1931 999 1990 uisu.
1042 1916 1206 1991 disciptinae
1222 1933 1285 1977 mos
1302 1917 1375 1977 adeo
1397 1919 1427 1976 in
1443 1919 1550 1977 nostris
1568 1921 1699 1994 partibus
1713 1921 1845 1994 inolevit,
1866 1929 1900 1984 ut

139 2014 251 2087 ximus,
265 2013 320 2073 ooo
336 2029 389 2073 nos
402 2014 542 2074 introisse
558 2015 709 2075 ernamur:
727 2015 1000 2079 «ortnamoaretur
1042 2020 1099 2064 nen
1115 2006 1200 2066 modo
1214 2006 1281 2076 viri,
1296 2006 1345 2066 sed
1360 2011 1390 2065 a
1405 2005 1518 2065 nobiles
1533 2007 1672 2067 mulieres
1688 2011 1743 2069 doe
1762 2017 1897 2085 rueme·

138 2106 190 2167 tibi
215 2121 294 2166 nunc
321 2104 462 2165 domnum
484 2121 583 2166 meum
606 2107 704 2167 ridere
730 2107 928 2181 Dominicnm,
947 2112 997 2186 qui
1042 2094 1079 2153 iii
1098 2110 1191 2169 80⁰⁰ss
1204 2095 1537 2169 inhianterarriperent.
1555 2096 1628 2155 Nam
1647 2104 1676 2156 ei
1694 2097 1793 2158 delicia
1809 2098 1899 2160 Teii]-

138 2194 217 2271 quod
232 2193 374 2268 imperitae
389 2193 498 2268 linguae
512 2210 653 2254 conamur
666 2195 770 2267 odieio,
785 2197 847 2272 ipse
863 2204 890 2256 te
902 2198 997 2257 effica-
1041 2181 1132 2255 baldi,
1147 2181 1283 2244 ⁸¹iilii¹i¹i⁸
1298 2183 1402 2257 odone
1415 2183 1541 2258 demidii,
1556 2192 1657 2244 0¹110⁰
1677 2185 1789 2247 issiissiffl
1800 2187 1899 2263 digni-

137 2283 208 2344 eiori
234 2282 476 2343 luculentissima
511 2284 579 2344 rita
617 2286 732 2345 doceret
769 2291 798 2344 et
828 2286 999 2346 informaret
1041 2272 1118 2345 tatis,
1137 2272 1212 2332 mibi
1235 2271 1394 2347 iiidifflssili
1418 2272 1527 2346 millii,
1552 2288 1604 2348 per
1629 2276 1779 2348 Dffliiidffl
1808 2277 1900 2353 nujus

138 2371 283 2449 example.
298 2371 354 2432 Hic
373 2370 499 2447 denique
512 2388 529 2431 a
543 2371 636 2432 tribus
646 2373 708 2446 J'arn
725 2373 839 2433 circiter
851 2389 997 2434 annornm
1040 2358 1203 2459 dimidiiiiffl
1217 2359 1347 2435 emulam
1365 2366 1637 2421 oeiliilmaiiiwfflffl
1652 2378 1683 2423 ⁸0
1696 2365 1898 2437 lifflssiidssiidm

138 2459 239 2520 teutria
256 2459 343 2519 lorica
360 2459 450 2519 lerrea
475 2462 598 2521 vestitur
617 2461 654 2521 ad
672 2478 801 2536 carnem,
814 2464 929 2524 duobus
942 2482 996 2527 aa·
1040 2463 1194 2523 delegissffl·
1213 2471 1225 2502 ³

139 2554 196 2609 tem
212 2549 313 2609 terrers
328 2549 448 2611 eruaris
460 2551 491 2611 m
511 2566 628 2626 corpora
642 2552 778 2627 cingam,
793 2554 908 2616 uuonan
926 2556 996 2617 rem
1075 2545 1110 2605 m
1122 2546 1243 2622 auriota
1256 2548 1344 2608 arram
1360 2548 1398 2608 aa
1414 2548 1556 2608 tunnam
1568 2550 1696 2624 paoem
1711 2550 1811 2626 eamr,
1829 2568 1897 2630 uua

138 2651 190 2712 per
204 2635 389 2698 brachiorum
403 2654 500 2699 armos
513 2646 640 2699 arctatm
653 2639 735 2711 (3l3).
757 2661 771 2694 r
1036 2641 1123 2715 juxta
1142 2639 1334 2700 suavicinum
1350 2641 1426 2710 (ill)
1442 2646 1569 2701 montem
1589 2647 1632 2700 est
1648 2641 1812 2714 constituta,
1827 2658 1896 2703 cum

476 2743 600 2805 CAPUT
613 2745 648 2806 χ,
1040 2743 1107 2787 eum
1132 2729 1253 2804 ejusque
1272 2729 1416 2804 subjectos
1432 2729 1468 2789 ad
1491 2730 1691 2790 artemonem
1711 2730 1897 2792 brachiorum

138 2834 285 2893 Mecum
299 2836 437 2908 mum,
455 2839 622 2893 ,mamper
636 2838 764 2911 moga,
779 2841 868 2910 ,imis
886 2842 996 2899 mmm
1039 2816 1070 2876 in
1095 2817 1275 2877 orationibus
1293 2817 1489 2878 exhortatorie
1512 2833 1709 2895 provocarem,
1731 2818 1795 2877 diri
1815 2819 1897 2893 prius

484 2925 513 2966 se
533 2908 646 2966 cadom.
1040 2907 1076 2965 tie
1102 2907 1228 2982 quodam
1256 2904 1571 2968 ferventissimam
1602 2908 1634 2968 in
1658 2924 1758 2968 amore
1790 2909 1897 2969 Christi

175 2993 231 3054 Sed
243 2996 312 3072 qaia
324 2996 360 3056 de
373 2996 425 3056 illo
437 2997 469 3058 in
482 2997 550 3058 aliis
561 2998 669 3058 nostris
678 2997 826 3074 opusculis
836 2999 897 3075 jam
912 2999 996 3074 plura
1041 2996 1128 3056 tratre
1144 3001 1254 3065 nostro,
1274 2996 1367 3056 auam
1388 2996 1516 3067 nomine,
1534 2994 1640 3055 deinde
1659 2996 1843 3059 dominicum
1865 2997 1896 3058 in

139 3081 323 3158 digessimus,
346 3100 427 3146 nunc
445 3086 522 3162 qnod
542 3087 592 3146 rix
613 3094 680 3147 ante
700 3084 774 3144 493
796 3104 849 3148 ser
875 3088 939 3149 dies
959 3084 1174 3175 adceremplo
1192 3083 1312 3157 subjeci,
1331 3085 1372 3143 ita
1396 3083 1532 3159 inquiens
1559 3106 1566 3143 e
1597 3083 1775 3146 «Habemus
1799 3092 1895 3148 auum

139 3175 327 3235 nosreniens
341 3175 450 3248 retulit,
465 3177 654 3252 proteramus.
672 3175 722 3235 nit
742 3177 863 3252 itaque:
884 3200 898 3231 a
919 3179 996 3238 lion-
1038 3175 1193 3248 quemdam
1215 3173 1408 3247 juvenculum
1433 3173 1562 3245 fratrem,
1583 3172 1634 3248 qni
1656 3174 1729 3233 milri
1748 3175 1897 3236 confessus

140 3261 204 3336 tigit
218 3277 265 3322 me
286 3278 381 3336 nosse,
396 3264 473 3339 quod
493 3264 652 3338 scripseris,
669 3279 773 3325 norem
795 3282 842 3324 me
866 3282 924 3326 noo
948 3265 995 3327 die
1038 3270 1081 3322 est
1097 3278 1115 3322 a
1132 3262 1225 3337 capite
1241 3277 1335 3339 usqne
1356 3263 1393 3322 ad
1408 3262 1498 3321 linem
1516 3260 1644 3336 psalterii
1659 3261 1769 3321 clarata
1786 3279 1816 3322 sc
1829 3264 1897 3324 bra·

138 3350 274 3426 psalteria
303 3352 469 3413 decantasse
497 3369 563 3414 cum
591 3354 788 3428 corporalibus
821 3354 993 3432 disciplinis.
1038 3350 1115 3409 cbiia
1134 3350 1325 3423 tancredum
1350 3348 1456 3425 psallit,
1481 3349 1522 3409 ita
1541 3355 1575 3409 ut
1598 3348 1717 3423 laquear
1737 3348 1898 3411 tabulatum

139 3435 220 3506 Quod
235 3446 310 3498 certe
331 3455 398 3500 cum
413 3440 525 3513 audiri,
543 3443 725 3502 tremefactus
747 3443 864 3517 expavi,
884 3452 913 3504 et
926 3460 995 3505 con·
1038 3436 1152 3497 ctiidiae
1168 3438 1305 3497 manibus
1326 3453 1404 3513 ⁸aelle
1419 3437 1574 3511 ⁰⁰¹iiisslidi·
1593 3436 1656 3496 Hac
1674 3445 1770 3498 idfflssfl
1789 3437 1897 3498 iiidie·

140 3529 260 3589 scientia
284 3532 465 3592 remordente
489 3534 652 3610 congemui.
672 3533 734 3607 Vae,
753 3535 886 3613 inquam,
911 3537 994 3608 aiibi,
1038 3529 1117 3588 tione
1131 3536 1253 3601 servata,
1273 3535 1306 3588 ut
1324 3544 1376 3604 per
1392 3527 1613 3605 dnissdmdessffi
1626 3527 1754 3602 didimi
1773 3528 1808 3587 atl
1832 3543 1898 3588 ¹¹¹⁰·

140 3633 205 3677 ecce
221 3618 276 3677 lanc
286 3617 323 3679 de
332 3636 390 3692 me,
401 3622 549 3681 nesciente
560 3638 614 3690 me,
632 3626 773 3699 scriptum
786 3630 886 3693 est;et
899 3631 995 3684 umen
1037 3626 1171 3680 mentum
1197 3619 1315 3679 brachia
1340 3619 1460 3679 remissa
1483 3618 1609 3694 deponat
1629 3623 1659 3678 el
1681 3618 1815 3693 protinus
1839 3618 1897 3679 eri-

137 3712 238 3767 utrum
253 3724 270 3767 a
284 3724 330 3768 me
352 3710 405 3769 boc
421 3710 483 3769 lieri
505 3712 653 3785 potuisset,
671 3712 783 3788 ignoro.
805 3711 880 3787 Ergo
894 3728 996 3773 rursus
1037 3717 1093 3785 gat.
1138 3709 1287 3769 Habemus
1327 3713 1355 3768 et
1393 3709 1517 3769 alterum
1564 3708 1751 3783 provectioris
1793 3707 1896 3779 aemtis,

138 3796 282 3873 experior,
302 3803 384 3857 etan
405 3798 459 3857 boc
481 3797 602 3874 implere
623 3801 776 3875 potuerim,
797 3800 996 3860 indubitanter
1037 3799 1197 3859 incurvum
1218 3796 1354 3857 videlicet
1370 3812 1482 3869 senem,
1497 3803 1535 3867 et,
1549 3803 1584 3857 ut
1603 3796 1656 3857 tibi
1678 3804 1785 3857 secrete
1802 3796 1894 3856 conli-

138 3900 302 3961 agnoscam.
322 3885 428 3958 Quarta
448 3887 537 3962 igitur
554 3888 625 3947 feria
648 3904 694 3947 me
717 3889 848 3948 vestibus
867 3890 948 3963 exui,
968 3898 996 3949 et
1039 3894 1108 3960 tear,
1129 3889 1177 3947 bic
1201 3886 1368 3947 Dominicus
1386 3893 1437 3946 est.
1463 3888 1492 3945 ls
1515 3887 1616 3962 itaque
1638 3886 1795 3961 quamdam
1821 3885 1893 3945 scri·

138 3979 247 4032 armata
260 3974 352 4049 scopis
375 3981 496 4049 utraque
512 3991 611 4047 manu,
628 3982 716 4036 totam
735 3983 848 4037 noctem
863 3978 996 4038 ducendo
1038 3976 1221 4051 ptiunculam
1248 3975 1362 4051 reperit,
1386 3976 1438 4035 ubi
1466 3976 1646 4036 dicebatur:
1677 3976 1751 4047 Quia
1777 3975 1897 4053 siquis

139 4061 308 4136 pervigilem
337 4061 458 4137 psallere
484 4078 517 4123 ac
542 4080 588 4122 me
618 4066 769 4124 verberare
801 4082 860 4126 non
887 4066 994 4140 destiti,
1036 4065 1191 4125 duodecim
1213 4065 1273 4124 illic
1292 4072 1404 4125 comtos
1420 4065 1547 4140 psalmos
1569 4065 1644 4124 vicie
1659 4069 1771 4141 quater,
1791 4065 1893 4125 erectis

139 4150 230 4210 detrec
238 4149 286 4210 die
295 4150 385 4210 altero
397 4152 527 4211 decursis
539 4152 690 4212 duodecim
701 4169 737 4212 ea
751 4170 830 4213 more
841 4155 994 4230 psalteriis,
1037 4156 1068 4214 in
1083 4154 1203 4213 modum
1229 4154 1324 4213 crucis
1342 4154 1478 4214 manibus
1495 4162 1619 4223 caneret,
1642 4168 1694 4228 pro
1716 4167 1776 4214 uno
1799 4158 1895 4228 posset

139 4240 187 4299 die
207 4241 291 4299 tertio
306 4240 418 4300 decimo
436 4243 470 4300 ad
488 4240 643 4317 psalmum,
658 4247 746 4310 deod,
762 4262 886 4317 pamm,
903 4260 995 4320 usque
1036 4258 1115 4302 anno
1137 4242 1317 4318 poenitentiae
1342 4242 1514 4317 regulariter
1535 4256 1731 4318 compensare.
1758 4240 1895 4301 Protinus

139 4330 259 4403 raptari.
289 4329 387 4403 Porro,
407 4332 484 4405 quod
505 4331 587 4391 nobis
605 4332 712 4391 durum
737 4348 813 4408 saepe
831 4334 947 4394 videtur
968 4342 995 4393 et
1038 4332 1088 4392 ille
1113 4333 1144 4391 in
1174 4332 1346 4392 exercitium
1372 4333 1402 4391 id
1428 4333 1504 4407 qnod
1520 4331 1678 4403 dicebatur,
1707 4330 1840 4406 arripuit,
1866 4338 1895 4389 et

74 4457 81 4465 .
137 4431 284 4492 asperum,
302 4434 391 4494 uuam
413 4420 464 4479 ille
492 4419 603 4494 puerile
623 4420 790 4494 deputatae
815 4421 993 4497 despectum,
1036 4421 1190 4483 duodecim
1208 4420 1275 4479 illos
1299 4421 1434 4494 psalmos,
1451 4420 1580 4480 extensis
1597 4421 1628 4478 in
1659 4420 1779 4479 modum
1802 4418 1896 4478 crucis

138 4520 199 4566 uno
227 4507 383 4568 doceamus
413 4508 685 4582 exemptoar'rator
721 4508 840 4582 quidam
866 4525 933 4569 cnm
963 4475 1173 4583 selibracbiis,
1193 4509 1268 4567 aaut
1286 4508 1394 4566 dictum
1418 4514 1471 4578 est,
1500 4507 1602 4580 rigimi
1626 4506 1680 4564 'sert
1706 4505 1820 4566 vicibus
1838 4507 1894 4567 sub

138 4608 290 4669 scoparum
313 4594 420 4656 ictibus
448 4596 537 4655 nimis
562 4599 729 4657 abhorreret
752 4604 882 4668 atterere,
909 4606 995 4675 atque
1035 4600 1118 4660 nullo
1137 4614 1257 4674 prorsus
1271 4595 1433 4668 interuallo,
1449 4595 1499 4656 sed
1513 4611 1574 4655 uno
1590 4597 1678 4656 ductu
1697 4595 1826 4670 quotidie
1841 4596 1893 4657 de·

138 4683 246 4758 etipse
264 4683 381 4743 sibimet
399 4684 498 4760 plagas
518 4686 639 4744 interret
656 4694 744 4760 atque
764 4686 912 4761 perferret,
926 4703 994 4761 gra·
1035 4688 1176 4748 cantabat.
1198 4712 1213 4738 e
1240 4686 1347 4761 Scripsi
1365 4700 1453 4760 super
1473 4684 1528 4743 boc
1556 4691 1584 4743 et
1610 4683 1641 4742 in
1670 4683 1736 4744 aliis
1762 4686 1891 4746 tortamis

138 4773 294 4833 desimam
310 4773 462 4848 judiearet,
483 4775 598 4834 tandem
614 4784 709 4835 tamen
733 4776 833 4834 domni
850 4777 993 4835 Domimci
1035 4779 1195 4852 opusculis,
1210 4777 1259 4836 sed
1275 4776 1344 4851 quia
1361 4774 1406 4834 rel
1422 4774 1600 4848 adpraesens
1617 4773 1731 4845 desunt,
1748 4773 1795 4832 rel
1810 4773 1893 4833 facile

135 4862 266 4923 crebrius
287 4864 446 4923 insistentis
460 4864 710 4924 adhortationibus
727 4865 883 4941 acquievit,
897 4880 931 4924 ac
943 4880 996 4940 per
1036 4867 1185 4927 memoriae
1199 4881 1258 4926 non
1272 4869 1437 4931 occurrunt,
1450 4862 1512 4936 jam
1525 4861 1563 4921 ab
1580 4876 1682 4922 eornm
1707 4860 1893 4935 replicatione

138 4952 367 5013 modulationem
392 4955 480 5013 totius
503 4953 639 5028 psalterii,
660 4961 689 5012 et
710 4956 830 5030 insuper
848 4956 994 5032 quinqua·
1036 4976 1104 5032 uuae
1122 4959 1227 5032 scripta
1248 4962 1326 5030 sunt,
1342 4955 1378 5015 ad
1398 4970 1473 5014 nora
1488 4950 1782 5029 quaelibetarticnlus
1796 4959 1892 5011 trans·

137 5041 216 5115 ginta
229 5042 407 5116 psalmorum
421 5043 537 5102 sibimet
548 5041 733 5116 disciplinam
746 5044 854 5104 inlerre
870 5043 996 5121 propriis
1035 5050 1153 5108 leretur.

137 5131 276 5192 manibus
287 5147 348 5193 non
359 5135 491 5194 cessant.
1073 5135 1230 5196 Enimvero
1243 5134 1327 5210 quasi
1345 5132 1466 5209 quidam
1479 5131 1602 5192 divinam
1619 5129 1698 5202 ignis
1716 5131 1748 5190 in
1763 5130 1827 5207 elas
1839 5144 1893 5207 pe-

169 5293 237 5360 (tla)
253 5294 287 5347 lta
302 5294 518 5359 estoposealom
536 5310 561 5350 a.
1037 5295 1100 5349 ntea
1133 5305 1220 5359 nora,
1248 5293 1296 5346 ubl
1327 5291 1517 5359 sanqalsslnra
1546 5291 1653 5357 depicta
1682 5290 1772 5356 imago
1805 5290 1894 5345 saneti

169 5363 238 5430 (stt)
268 5366 402 5419 modoini
436 5378 543 5420 eremas
574 5380 590 5421 a
618 5368 745 5424 llamlano
777 5370 805 5421 ln
833 5380 900 5433 agro
932 5369 996 5434 Sap·
1037 5368 1089 5420 elrl
1114 5364 1223 5419 cuculla
1245 5365 1307 5418 alba
1333 5363 1419 5417 lndutl
1444 5364 1609 5422 asservatur,
1639 5372 1694 5414 aas
1716 5373 1779 5415 cam
1803 5362 1892 5416 seems

140 5438 311 5501 tempestae,
345 5438 428 5502 vulgo
460 5438 490 5489 di
518 5436 732 5504 Sao-Severiano,
767 5443 923 5493 constructa
956 5444 997 5498 tat
1038 5438 1161 5503 eiusdem
1187 5436 1315 5497 exoritu
1343 5445 1440 5487 veram
1469 5432 1763 5488 commendandorum
1787 5433 1892 5491 moeris

143 5508 202 5572 lpse
221 5511 335 5563 testatur
354 5522 449 5576 opusc.
477 5522 526 5569 xv,
549 5522 573 5564 a.
596 5512 632 5576 or,
655 5512 737 5566 modo
759 5510 884 5564 Frontots
908 5510 997 5564 ltallee
1039 5507 1081 5576 (ut
1097 5507 1206 5577 dleltur)
1222 5518 1309 5574 panes
1325 5516 1388 5565 eum
1405 5504 1545 5575 wdone.

141 5584 322 5652 amoenatur.
347 5581 475 5648 superest
506 5585 610 5639 anam
640 5582 757 5639 eeclesla
782 5583 832 5655 lpsl
856 5583 881 5638 d.
906 5581 995 5639 Domi·
