4100 6209
126 305 182 393 ιιι
316 385 322 390 .
425 379 428 386 .
891 333 1016 398 sanato
1037 335 1126 395 xiv.
1834 337 1887 398 rra

125 457 187 529 Dei,
211 460 313 517 iratres
333 455 509 530 charissimi,
537 461 638 520 merito
662 460 843 537 precipuum
866 470 895 521 et
921 464 1015 527 sin-A
1027 476 1079 536 pro
1099 458 1192 531 noba,
1207 461 1239 520 in
1253 475 1311 535 quo
1333 458 1460 521 Verbum
1479 476 1544 520 caro
1560 463 1665 522 baum
1682 472 1737 540 est,
1754 472 1783 522 et
1801 466 1885 524 habi-

124 546 224 623 gulare
238 545 347 620 prebet
366 544 536 606 bominibus
559 547 712 622 gaudium,
738 565 807 626 quae
829 550 916 610 totius
931 567 984 609 ex·
1026 550 1096 609 tavit
1118 547 1149 609 in
1172 551 1258 610 nobis
1271 553 1358 622 (toan.
1379 554 1409 623 t).
1428 549 1468 611 De
1487 551 1539 611 iiio
1559 553 1677 630 quippe,
1701 555 1822 631 antiqno
1845 557 1886 616 vi·

124 636 197 695 stitit
217 636 357 695 humanas
374 632 477 693 salutis
495 636 660 696 exordium.
683 636 765 698 Sicut
786 639 866 698 enirn
889 640 985 699 omni·
1025 639 1129 699 delicet
1152 639 1270 714 templo,
1296 641 1438 715 scriptum
1463 648 1528 702 est:
1548 663 1562 697 r
1583 643 1701 704 iactum
1730 651 1783 716 est,
1816 661 1885 706 cum

125 730 228 799 poteue
251 723 340 795 Deus,
370 723 511 783 ineffabili
550 727 741 799 providestire
775 743 839 787 suae
864 728 985 801 intuitu,
1024 727 1154 787 exissent
1174 729 1334 788 sareuiotes
1353 730 1388 788 de
1413 731 1586 801 sanctuario,
1617 731 1749 806 implevit
1775 734 1886 795 nebula

123 821 282 888 antecuam
310 813 399 871 homo
421 813 512 886 lieret,
540 811 615 895 2211
642 816 792 875 hominem
822 816 985 890 periturum
1025 813 1144 875 domum
1173 815 1300 884 Domini,
1329 823 1356 876 et
1376 832 1434 877 non
1465 823 1596 890 poterant
1626 820 1785 882 sacerdotes
1811 828 1886 883 stare

124 900 265 961 diabolica
290 900 507 962 machinatione
525 901 670 977 previdit,
693 903 742 962 sed
766 903 853 964 etiam
874 905 986 964 redem-
1026 916 1113 975 prope
1125 910 1241 978 propter
1257 903 1403 964 nebulam.
1422 905 1594 980 impleverat
1604 907 1684 966 enim
1697 907 1887 981 gloriamilo

124 992 234 1069 ptionis
248 992 386 1051 humanae
402 991 558 1051 consilium
575 1001 642 1052 ante
659 993 766 1053 saeculo
781 994 811 1053 in
835 995 987 1055 immensae
1028 987 1100 1047 mini
1116 988 1238 1051 domum
1254 990 1370 1051 Domini
1391 996 1444 1060 (ili
1460 996 1526 1063 Ret-
1544 997 1587 1063 X)-

124 1079 240 1154 pietatis
260 1094 323 1138 sum
340 1077 499 1139 visceribus
517 1079 632 1140 hahuit.
653 1080 688 1139 Et
704 1097 762 1142 noo
778 1083 874 1142 solum
890 1083 987 1161 quali·
1061 1077 1133 1148 Quae
1142 1080 1477 1155 omnia,sicutegregius
1485 1081 1656 1155 predicator
1665 1082 1744 1155 dicit,
1751 1084 1781 1143 iu
1791 1085 1885 1161 ligura

125 1177 171 1230 ter
184 1168 349 1240 redimeret,
370 1169 488 1229 modum
508 1174 536 1228 et
554 1168 688 1230 ordinem
711 1171 742 1229 in
762 1172 987 1246 prolandissima
1027 1169 1232 1243 contingebant
1253 1168 1312 1229 illis
1336 1174 1363 1240 (i
1387 1172 1445 1229 dor.
1467 1174 1511 1241 x).
1531 1169 1629 1232 Gloria
1642 1173 1749 1249 quippe
1768 1169 1885 1234 ilomini

124 1256 278 1331 sapientire
316 1271 378 1315 suae
415 1256 525 1315 ratione
563 1257 723 1330 constituit,
763 1274 865 1318 verum
900 1261 985 1320 eriam
1027 1253 1100 1313 225
1126 1256 1302 1333 intelligitur
1332 1259 1473 1332 Christus,
1499 1261 1584 1335 cujus
1611 1261 1668 1322 lide
1695 1263 1821 1337 repletus
1844 1268 1887 1323 est

126 1345 248 1421 quando
267 1344 430 1416 redimeret,
451 1353 562 1404 certum
580 1347 717 1421 temporis
734 1347 891 1408 articulum
912 1364 987 1424 prae·
1028 1344 1166 1404 mundus.
1185 1344 1225 1404 lle
1243 1361 1303 1421 qua
1322 1346 1413 1417 gloria
1435 1363 1501 1408 cum
1522 1365 1573 1423 pro
1592 1365 1626 1409 eo
1650 1349 1769 1411 adorato
1793 1351 1883 1412 vitulo

125 1435 235 1496 linivit.
262 1433 344 1495 Sicut
363 1450 432 1510 ergo
452 1435 629 1511 impossibile
651 1445 712 1497 erat
735 1445 767 1498 ιιι
791 1438 912 1498 humani
936 1456 987 1513 ge·
1026 1431 1228 1505 deprecamur
1247 1432 1405 1492 D⁰1¹¹i¹¹1¹11¹
1425 1433 1547 1520 Mlilsseb
1570 1443 1604 1494 1¹²
1625 1446 1752 1509 hamelet
1776 1437 1883 1513 909⁰¹⁰

126 1523 207 1585 neris
230 1524 392 1599 redemptio
414 1522 504 1596 lieret,
525 1523 584 1583 nisi
610 1523 662 1583 Dei
688 1523 780 1584 Filius
801 1526 837 1584 de
865 1526 988 1601 Virgine
1027 1519 1176 1592 peccatori,
1200 1521 1348 1596 respondit
1374 1521 1541 1582 Dominus:
1564 1522 1741 1598 «Propitius
1764 1543 1814 1587 ero
1837 1526 1882 1587 iiii

125 1622 311 1686 nasceretur,
335 1613 374 1672 ita
392 1613 479 1673 etiam
506 1612 699 1672 necessarium
719 1613 812 1673 luerat
831 1621 865 1674 ιιι
887 1614 987 1689 Virgo,
1028 1613 1122 1678 (Num.
1137 1614 1214 1680 xiv).
1231 1636 1244 1659 υ
1263 1610 1466 1671 Verumtamen
1483 1612 1551 1671 vivo
1565 1627 1628 1686 ego,
1643 1621 1671 1671 et
1689 1615 1763 1674 vivit
1777 1633 1885 1678 nomen

125 1718 162 1762 ex
191 1719 251 1776 oua
279 1701 406 1762 Verbum
427 1717 493 1762 caro
518 1701 608 1775 lieret,
637 1710 813 1763 nasceretur.
835 1703 988 1780 Oportebat
1028 1701 1692 1778 meumquia·implebiturgloriameaomois
1702 1710 1882 1780 terreat).-

125 1791 237 1865 ouippe
259 1791 340 1866 prius
356 1791 495 1850 adillcari
507 1790 637 1861 domum,
656 1791 685 1849 in
701 1806 789 1866 qnam
809 1787 1064 1869 descendensflbt
1082 1787 1231 1850 Psalmista
1245 1815 1251 1850 :
1267 1815 1277 1842 ι
1292 1791 1473 1868 implebitur,
1483 1793 1588 1866 inquit,
1606 1792 1698 1868 gioria
1710 1797 1774 1871 ejus
1786 1797 1882 1857 omnis

124 1878 254 1937 ‹mlestis
282 1878 346 1939 Rex
371 1879 477 1939 babere
503 1879 671 1953 dignaretur
697 1880 881 1956 hospitium:
904 1882 986 1943 illam
1028 1882 1101 1935 tetta
1128 1879 1211 1950 (Prot.
1237 1881 1366 1951 iiixl).t
1396 1879 1478 1951 011⁰d
1499 1886 1597 1941 distem
1618 1882 1726 1943 nebula
1753 1885 1885 1961 implevit

126 1965 273 2039 videlicet,
299 1968 336 2027 de
366 1983 423 2043 qua
450 1983 502 2043 per
528 1966 713 2028 Salomonem
741 1970 875 2031 dicitur:
899 1994 912 2027 ι
933 1971 985 2034 Sa·
1025 1970 1146 2031 domum
1177 1974 1241 2049 Dei,
1273 1983 1301 2035 et
1343 1992 1401 2035 non
1440 1979 1572 2050 poterant
1610 1975 1769 2034 sacerdotes
1794 1972 1885 2033 mini·

124 2057 237 2132 pientia
270 2058 425 2117 mdilieavit
451 2058 506 2118 sibi
541 2058 671 2130 domum,
700 2061 807 2121 excidit
835 2064 986 2124 columnas
1026 2068 1117 2122 strare
1149 2072 1265 2140 propter
1299 2064 1457 2137 nebulam;
1494 2081 1529 2124 ea
1568 2064 1711 2124 sententia
1748 2064 1888 2139 superbos

124 2152 446 2224 septem(Proo.1x).»
472 2148 586 2224 Septem
611 2166 737 2226 numque
757 2153 908 2227 virginalis
926 2155 987 2215 baec
1025 2152 1196 2214 itrdreorum
1217 2156 1366 2230 pontifices
1378 2172 1412 2215 ac
1426 2156 1556 2216 doctores
1573 2156 1714 2225 insinuat,
1733 2155 1793 2229 qui,
1815 2154 1887 2215 dum
1913 2209 1916 2214 ι

125 2237 233 2297 domas
259 2236 379 2297 suffulta
400 2236 546 2297 colomnis
569 2238 691 2310 exstitit,
720 2241 789 2313 quia
814 2240 999 2316 venerabilisv
1027 2239 1237 2301 incarnationis
1257 2243 1363 2302 Christi
1393 2250 1571 2304 sacramenta
1598 2241 1771 2316 investigare
1789 2242 1887 2318 despi-

126 2324 219 2385 lioter
236 2325 355 2385 Domim
371 2332 479 2400 septem
504 2326 595 2385 sancti
618 2325 744 2401 Spiritus
766 2327 860 2398 donis,
882 2329 985 2402 idest,
1027 2329 1118 2400 ciunt,
1133 2329 1265 2390 debitum
1280 2331 1348 2391 lidei
1364 2347 1427 2391 snae
1442 2330 1637 2392 ministerium
1648 2345 1700 2405 per
1713 2331 1818 2390 erroris
1833 2346 1886 2390 ue-

125 2413 290 2488 sapientias,
323 2421 351 2473 et
376 2411 556 2486 intellectus;
586 2412 712 2485 consilii,
736 2421 763 2474 et
791 2416 985 2491 tortitudinis5
1028 2417 1126 2477 hulam
1148 2420 1285 2495 perdunt.
1304 2420 1442 2479 itaenim
1456 2435 1558 2480 eorum
1577 2427 1690 2479 mentm
1705 2419 1887 2480 infidelitatis

125 2502 268 2574 scientia,
297 2511 325 2563 et
349 2504 474 2580 pietatis,
502 2511 589 2579 atque
617 2505 730 2564 umoris
767 2505 817 2565 Dei
844 2512 910 2576 (iso.
941 2514 986 2580 xi)
1027 2506 1118 2583 caligo
1132 2509 1264 2583 ruplevit,
1282 2515 1323 2580 ut,
1344 2509 1469 2585 propriis
1488 2508 1675 2583 exigentibus
1689 2508 1807 2578 meritis,
1826 2523 1886 2568 non

126 2595 225 2654 dotata
254 2595 316 2654 luit.
345 2593 438 2665 Quam
467 2595 571 2671 ntique
597 2601 705 2655 aeterna
732 2595 890 2671 Sapientia,
920 2614 987 2673 qum
1027 2596 1288 2670 agnoscatrultum
1307 2597 1494 2658 credulitatis.
1514 2597 1560 2657 Ad
1575 2596 1886 2672 illudergotemplum

125 2686 281 2761 attingite
300 2688 358 2746 line
379 2702 472 2763 usque
490 2687 526 2747 ad
551 2687 640 2746 linem
658 2687 779 2758 fortiter,
804 2697 832 2747 et
860 2689 987 2765 disponit
1027 2684 1170 2744 hominus
1183 2685 1214 2745 iu
1232 2684 1340 2745 nebula
1354 2685 1511 2758 descendit,
1525 2692 1559 2745 ot
1578 2700 1685 2744 mecam
1698 2685 1827 2745 Judaicae
1838 2684 1888 2743 in-

126 2772 230 2834 omnia
263 2774 392 2833 suaviter
413 2775 489 2847 (Sap.
517 2775 589 2846 vrit),
615 2773 700 2834 talem
729 2777 894 2835 construxit
920 2793 986 2853 quas
1028 2774 1174 2833 fidelitatis
1197 2774 1354 2849 caliginem
1376 2776 1552 2849 designaret,
1571 2775 1602 2833 in
1622 2775 1687 2849 hoc,
1713 2775 1788 2834 sieut
1812 2773 1885 2834 scri·

124 2861 219 2937 digna
242 2862 323 2922 lieret
343 2862 430 2922 ilium
454 2863 611 2938 suscipere,
631 2870 659 2922 et
677 2864 713 2923 de
726 2864 906 2926 intemeratae
923 2884 986 2927 car·
1026 2870 1119 2937 ptum.
1134 2864 1166 2922 iu
1174 2864 1235 2923 sole
1245 2866 1341 2938 posuit
1353 2864 1577 2925 tabernaculum
1586 2879 1672 2923 suum
1687 2867 1772 2932 (Prot.
1787 2867 1885 2935 xviri),

125 2951 175 3010 ais
200 2966 263 3011 sue
287 2950 456 3012 risoribus
475 2966 632 3027 procreare.
668 2952 790 3013 Necesse
819 2964 880 3014 erat
905 2956 987 3030 prius
1027 2957 1059 3011 ut
1085 2953 1215 3013 sedentes
1236 2955 1267 3013 in
1295 2956 1421 3014 tenebris
1440 2962 1469 3015 et
1488 2956 1594 3015 umbra
1612 2956 1713 3015 mertis
1731 2954 1887 3016 illumina·

125 3041 203 3117 erigi
225 3041 396 3116 thalamum,
415 3044 466 3120 oui
492 3044 657 3104 venientem
677 3044 712 3104 ad
738 3046 854 3120 nuptias
880 3051 987 3106 sanctas
1028 3046 1079 3100 ret.
1109 3040 1157 3101 illi
1179 3041 1307 3117 lienique
1325 3043 1431 3117 templo
1449 3043 1528 3103 Deus
1553 3042 1739 3118 omnipotens
1762 3043 1886 3116 gloriam

125 3132 267 3194 scelestas
289 3135 446 3211 susciperet
464 3134 622 3211 Sponsum,
646 3137 692 3195 cuj
716 3136 816 3207 mein,
835 3126 1147 3227 exsuitanscqnidem
1161 3127 1208 3187 sui
1221 3128 1363 3188 adventus
1377 3127 1510 3199 contulit,
1526 3129 1575 3187 sed
1587 3128 1661 3188 nihii
1676 3143 1714 3188 ex
1735 3145 1769 3188 eo
1787 3131 1817 3189 in
1833 3146 1886 3190 sna

124 3224 157 3281 iu
182 3223 299 3297 spiritu,
321 3223 542 3300 epithalamium
564 3224 987 3300 conit,dieeos:«'1'anquam
1033 3222 1135 3276 fliium
1148 3218 1292 3292 insedisti
1315 3218 1343 3276 in
1370 3218 1544 3278 beatissimi
1557 3224 1655 3278 aulem
1670 3216 1801 3292 Virginis
1822 3225 1886 3280 ⁰10·

124 3327 254 3389 sponsus
273 3312 416 3374 hominus
433 3315 591 3388 procedens
614 3315 650 3374 de
672 3315 799 3374 thalamo
820 3330 875 3376 suo
902 3320 987 3388 (Psoi
1032 3321 1099 3366 ruffi
1129 3322 1189 3367 ¹10n
1215 3307 1309 3367 ⁸⁰¹1¹111
1333 3307 1468 3382 dignanti
1494 3314 1536 3366 0⁸⁸
1562 3306 1743 3377 descendere.
1773 3308 1822 3366 sed
1849 3323 1887 3367 εἰ

125 3406 226 3477 ινιιι).
243 3428 257 3452 ι·
1033 3412 1067 3457 eo
1089 3396 1174 3455 etiam
1202 3396 1357 3469 perlectam
1384 3395 1441 3454 sibi
1466 3395 1658 3455 substantiam
1683 3400 1789 3456 nostrae
1814 3411 1889 3455 mor·

164 3492 270 3553 hierita
289 3509 357 3570 ergo
376 3494 462 3554 hodie
487 3495 612 3571 prolusis
637 3496 754 3571 gaudiis
780 3502 856 3558 totus
881 3495 990 3570 ubique
1033 3487 1150 3547 talitatis
1178 3484 1273 3545 unbe.
1301 3484 1414 3555 Quanto
1433 3484 1522 3557 igitur
1547 3482 1638 3542 nostri
1667 3481 1766 3557 templi
1794 3483 1887 3556 major

126 3589 276 3642 senarum
292 3584 371 3643 orbis
385 3584 521 3655 exsultat,
536 3585 640 3645 merito
659 3586 796 3645 universa
822 3592 920 3645 sancta
934 3584 989 3645 Ec.
1032 3586 1075 3637 est
1090 3576 1226 3652 dignitas,
1242 3583 1320 3637 anto
1331 3575 1483 3650 gloriosior
1499 3577 1563 3651 ejus
1577 3573 1734 3633 debetesse
1746 3573 1888 3635 solemni·

126 3671 233 3743 clesia,
262 3680 400 3731 nascente
424 3672 528 3748 Sponsi
553 3674 599 3733 sui
624 3674 779 3745 Genitrire‚
807 3680 841 3734 ιιι
868 3675 908 3734 ita
930 3690 989 3750 prta
1033 3675 1086 3728 tas.

122 3760 236 3836 gaudio
248 3760 384 3831 dixerim,
406 3761 567 3822 fescennini
587 3763 726 3822 carminis
740 3762 841 3823 laudes
854 3761 988 3824 alternat.
1069 3754 1125 3816 Sed
1145 3770 1204 3828 (1ὓο
1227 3761 1309 3829 pacto
1332 3755 1396 3829 ‘³1⁰³
1420 3753 1606 3814 militatem
1631 3754 1718 3829 diiissfl
1743 3751 1889 3812 ⁰0¹⁰bffli⁶

124 3846 320 3909 Exsultemus
346 3849 437 3924 igitur
457 3849 486 3908 in
512 3850 566 3909 hae
588 3851 647 3921 die,
674 3850 847 3922 charissimi,
871 3851 900 3910 in
930 3867 990 3926 qua
1033 3845 1108 3904 talei
1142 3842 1298 3902 infirmitas
1331 3841 1501 3912 hominum,
1525 3856 1593 3917 <1¹1ae
1619 3840 1762 3915 dmidium
1790 3851 1890 3913 latere

123 3940 201 4000 dum
220 3937 398 3998 beatissimae
417 3955 591 4000 veneramur
601 3940 731 4014 Virginis
746 3947 853 4014 ortum,
871 3948 988 4003 cuncta·
1033 3934 1140 3994 meruit
1163 3933 1361 4008 angelorum?
1382 3930 1513 4002 Qualiter
1543 3946 1607 3990 0³11]
1640 3929 1759 3990 'audire
1785 3927 1890 4003 poterit

123 4043 197 4087 rum
210 4027 298 4086 etiam
314 4026 387 4086 Novi
405 4026 583 4088 Testamenti
603 4029 794 4090 testivitatem
808 4029 990 4089 celebramus
1034 4022 1164 4083 mortalis
1182 4021 1311 4081 bominis
1324 4018 1522 4080 transitorium
1539 4019 1752 4094 verbumque
1768 4015 1842 4077 illud
1854 4016 1891 4075 dc

123 4114 259 4174 initium.
284 4115 483 4186 Exsuitcmus,
507 4117 638 4193 inquam,
659 4119 688 4177 in
706 4118 758 4182 bac
770 4117 817 4177 die
833 4116 989 4192 praecipua,
1032 4127 1062 4170 se
1074 4109 1194 4187 protulit
1209 4109 1348 4180 Verbum,
1362 4108 1440 4183 quod
1459 4114 1556 4166 manet
1573 4107 1603 4166 in
1629 4102 1795 4165 aternum?
1816 4103 1888 4175 Qua

122 4212 152 4262 et
178 4203 246 4263 totis
271 4203 431 4265 visceribus
461 4206 491 4265 io
516 4206 641 4265 homim
663 4204 858 4265 delectemur:
874 4204 905 4263 in
932 4219 991 4280 qua
1033 4201 1136 4276 lingua
1154 4202 1184 4260 in
1206 4202 1270 4275 ejus
1294 4198 1380 4259 laude
1401 4198 1551 4257 invenitur
1568 4197 1684 4268 idonea,
1710 4212 1777 4273 quas
1801 4195 1888 4256 ilium

121 4293 200 4353 dum
213 4291 415 4368 Redemptoris
431 4295 523 4354 nostri
539 4294 694 4355 recolimus
714 4294 846 4366 Matrem,
862 4293 989 4370 reliqua·
1031 4291 1135 4362 gennit
1151 4290 1199 4350 cui
1221 4286 1321 4348 omnia
1335 4287 1520 4358 benedicunt,
1540 4292 1569 4346 et
1587 4301 1655 4346 cum
1675 4291 1800 4345 tremore
1819 4286 1890 4345 obe·

124 4398 198 4443 rum
221 4382 413 4442 festivitatum
437 4383 619 4444 celebramus
637 4385 792 4458 originem.
820 4384 892 4455 Quae
909 4382 990 4443 enim
1031 4380 1118 4440 diunt
1133 4377 1301 4438 elementa?
1316 4378 1387 4436 Nam
1403 4378 1473 4437 dum
1488 4376 1645 4452 cujuslibet
1657 4376 1794 4450 martyris
1807 4375 1891 4435 tortia

121 4471 244 4533 cunctis
264 4471 498 4533 solemnitatibus
527 4479 570 4531 est
597 4473 744 4548 antiquior
772 4483 908 4548 tempore,
936 4488 989 4532 ne·
1034 4469 1108 4527 lacta
1124 4468 1264 4528 extollere
1276 4467 1423 4541 cupimus,
1438 4464 1509 4525 dum
1529 4465 1673 4525 virtutum
1687 4464 1751 4538 eius
1765 4462 1892 4537 insignia

123 4574 281 4636 amquam
300 4575 362 4619 esse
381 4559 466 4620 dehet
487 4559 610 4620 interior
630 4560 779 4635 dignitate.
801 4560 874 4619 Nam
891 4561 916 4620 si
937 4559 990 4619 Sa·
1034 4553 1284 4630 adRedemptoris
1299 4552 1389 4612 nostri
1407 4552 1529 4627 gloriam
1544 4553 1757 4628 praedicamus;
1778 4549 1893 4610 etiamsi

124 4645 230 4705 lomou
250 4661 320 4705 cum
341 4646 497 4706 israelitico
515 4648 631 4723 populo,
647 4648 676 4707 in
694 4647 874 4708 dedicatione
889 4648 990 4723 templi
1034 4646 1070 4703 ad
1095 4644 1283 4719 rogandum
1303 4641 1410 4700 tardior
1433 4657 1538 4701 sensns
1555 4642 1703 4717 impediat,
1725 4641 1770 4701 vel
1790 4642 1827 4700 ad
1846 4640 1891 4699 lo·

121 4749 167 4793 ex
185 4733 331 4808 lapidibus
348 4735 423 4803 lacti,
444 4740 500 4794 ιιιιι
518 4735 669 4810 copiosum
689 4742 717 4795 et
736 4736 924 4810 magniiicum
943 4753 990 4797 sa-
1035 4732 1187 4809 quendum
1202 4730 1367 4791 balbutiens
1380 4729 1482 4804 lingna
1494 4745 1552 4790 non
1566 4736 1719 4804 suppetam
1735 4728 1891 4788 verborum

119 4823 276 4885 criticium
294 4824 461 4883 solemniter
476 4824 631 4885 celebravit
650 4827 700 4898 liii
715 4829 781 4896 itep.
802 4829 885 4899 vitil3
905 4827 992 4901 quale
1037 4831 1132 4882 amen
1147 4819 1258 4894 copiam
1277 4818 1369 4894 ipsius
1393 4819 1434 4880 rei
1450 4818 1569 4878 materia
1582 4817 1793 4877 subministrat.
1817 4815 1892 4879 Cum

120 4917 336 4987 quantunque
349 4911 489 4986 gaudium
504 4912 595 4973 heatae
614 4912 715 4972 itariae
731 4913 867 4973 nativitas
883 4914 992 4989 populo
1038 4924 1106 4970 vero
1121 4908 1296 4968 beatissime
1310 4906 1464 4967 Genitricis
1481 4907 1533 4967 Dei
1553 4906 1653 4967 laudes
1666 4904 1791 4965 scribere
1804 4903 1890 4963 volu·

121 5000 297 5062 Christiano
325 5002 408 5062 dehet
441 5003 554 5073 afferre,
584 5004 617 5061 in
644 5004 728 5078 cujus
757 5009 884 5070 uterum,
914 5004 993 5065 reiut
1037 5014 1113 5071 mus,
1141 4998 1212 5073 quia
1248 5012 1323 5056 nova
1345 5004 1373 5054 et
1402 4996 1530 5056 inaudita
1556 5003 1625 5054 sunt
1653 5010 1720 5071 quae
1748 4991 1894 5052 tmctanda

121 5104 236 5149 revera
256 5090 485 5150 sacratissimum
509 5089 660 5163 templum,
690 5090 767 5149 Deus
786 5089 847 5165 ipse
872 5090 992 5150 descen·
1037 5088 1224 5163 suscipimus,
1250 5086 1332 5147 nulla
1354 5086 1522 5146 invenimus
1540 5085 1627 5145 verba
1645 5082 1752 5159 quihus
1770 5084 1805 5142 ad
1830 5082 1893 5142 hac

121 5179 216 5248 dens,
230 5183 259 5235 et
272 5177 433 5237 humanam
451 5184 587 5237 naturam
603 5192 642 5236 ex
656 5192 689 5236 ea
704 5177 858 5252 suscipere,
877 5184 906 5237 et
925 5194 992 5238 cum
1038 5178 1124 5252 digne
1148 5174 1340 5250 exprimenda
1363 5173 1495 5233 sufficere
1519 5172 1677 5234 valeamus.
1703 5171 1792 5231 Tollit
1812 5172 1893 5232 enim

121 5265 305 5327 hominihus
328 5266 529 5342 dignatusest
554 5265 707 5326 visibiliter
731 5264 888 5326 hahitare?
915 5266 994 5327 licet
1040 5267 1204 5328 faculatem
1230 5264 1371 5325 sermonis
1392 5263 1509 5323 materia
1531 5262 1699 5337 singularis.
1727 5261 1799 5332 Quae
1814 5262 1894 5322 euim

123 5354 215 5415 enim
236 5360 265 5413 et
287 5355 316 5413 in
341 5354 413 5415 illud
431 5353 594 5415 Salomonis
615 5354 755 5429 templum
775 5352 853 5412 Deus
875 5354 994 5414 descen·
1040 5355 1140 5431 lingua
1154 5353 1298 5428 explicare
1311 5350 1445 5412 sufficiat.
1461 5349 1507 5409 vei
1522 5365 1589 5427 quae
1602 5350 1675 5410 ratio
1687 5351 1817 5411 bumana
1830 5365 1890 5410 uon

122 5445 213 5504 disse
234 5443 395 5505 credendus
415 5444 462 5516 sit,
484 5445 516 5504 in
541 5446 593 5504 boc
616 5452 711 5504 tamen
735 5442 899 5504 rationabili
926 5459 995 5503 san·
1039 5447 1231 5519 obstupescat,
1269 5458 1337 5502 cum
1373 5442 1498 5514 cogitare
1531 5441 1650 5516 ooeperit
1682 5442 1753 5516 quia
1777 5441 1894 5501 Creator

124 5532 261 5604 ctuario,
276 5532 330 5592 boc
342 5538 396 5605 est,
411 5531 442 5591 in
459 5531 637 5592 beatissimas
652 5531 782 5607 Virginis
793 5536 887 5604 nero,
903 5532 996 5592 multo
1040 5534 1133 5594 oritur
1155 5547 1193 5592 ex
1220 5536 1361 5601 creatura,
1382 5530 1471 5590 lactor
1490 5528 1522 5588 tit
1540 5544 1578 5589 ex
1602 5530 1736 5592 lactura?
1757 5529 1838 5602 Quod
1861 5529 1894 5587 ia

124 5620 306 5683 mirabilius
329 5620 483 5696 multoque
511 5620 627 5682 felicius
652 5619 789 5697 dignatm
812 5626 857 5680 est
879 5635 997 5683 manere
1043 5619 1175 5695 virginea
1207 5617 1314 5693 paellae
1341 5617 1429 5706 vulva
1457 5616 1627 5693 concipitur,
1657 5619 1709 5693 gui
1733 5615 1896 5679 vmtissima
