4100 6209
167 307 219 365 rra
602 311 891 374 enonusouuru.
912 344 946 356 -
965 311 996 372 s.
1018 311 1130 371 annai
1150 313 1312 372 niinrrrn
1332 313 1422 374 ura
1441 315 1479 374 n.
1866 290 1910 371 u*

161 444 332 502 conversos,
347 448 414 492 cum
428 449 535 508 magno
552 433 663 509 gemitu
677 435 755 493 dixit
770 454 777 493 :
791 435 923 506 Domine,
939 436 1140 498 DeusAbnmi
1155 451 1188 494 ac
1206 436 1343 509 pertusus
1362 437 1495 512 lacrymis
1514 437 1585 496 lucie
1601 436 1731 496 adoravit
1744 445 1771 496 ιι
1785 438 1915 499 laudavit

160 520 358 594 omnipotens,
372 522 423 598 qui
448 522 555 583 coelnm
577 530 605 582 et
620 529 726 583 terram
744 529 774 583 et
791 532 894 584 cuncta
908 540 974 602 quae
986 525 1017 584 in
1059 541 1093 585 ac
1104 525 1354 586 benedixitDeum
1368 542 1456 600 super
1465 527 1575 603 judicia
1584 527 1788 601 justitiaene.
1803 528 1917 588 Dehinc

160 607 285 668 eusunt
303 609 469 680 condidisti,
482 610 507 669 si
522 611 575 671 tibi
594 612 719 672 servitus
735 611 836 673 domni
854 613 913 671 mei
930 612 1016 686 Petri,
1060 613 1130 673 loris
1148 629 1281 687 egressus
1303 614 1340 673 ad
1361 613 1463 674 iratres
1480 632 1549 676 suos
1563 616 1648 690 eoepit
1668 632 1786 676 narrare
1803 633 1917 692 praepo·
1956 631 1963 643 ·

160 703 195 753 ut
214 694 371 767 credimus,
385 696 569 771 complacuit,
585 698 675 759 libera
694 715 741 759 me
767 716 817 775 per
835 701 898 774 ejus
917 698 1019 760 merita
1060 703 1116 762 sito
1130 719 1163 763 ae
1182 705 1295 764 caeteris
1311 704 1449 764 imbibas
1461 706 1559 764 omnia
1572 720 1639 781 qnae
1653 704 1709 766 sibi
1725 706 1915 781 contigerant.
1991 739 1995 744 ·

160 782 199 841 ab
216 782 337 841 instanti
354 799 442 857 quem
467 785 560 860 patior
578 788 686 848 dolore.
705 788 787 848 Dixit
804 790 877 860 brec,
891 795 920 849 et
933 788 1019 864 eoepit
1060 790 1118 861 Qui
1139 793 1290 854 audientes
1316 793 1510 854 laudaverunt
1526 810 1560 853 ac
1577 794 1789 855 benedixerunt
1811 796 1916 870 Deum,

162 880 249 931 stare.
265 872 300 932 Et
311 888 387 945 ecce,
402 890 460 933 non
479 883 542 949 post
553 874 676 951 longum
689 883 813 952 tempus,
828 879 865 937 ab
878 894 913 937 eo
927 879 1023 938 omnis
1063 881 1115 955 qni
1134 881 1202 942 talia
1226 899 1279 958 per
1302 898 1420 942 servum
1438 898 1527 944 snum
1547 885 1697 944 ostendere
1718 886 1855 958 dignatus
1875 891 1919 944 est

162 966 261 1021 tumor
272 966 300 1021 et
313 962 395 1022 dolor
404 964 444 1022 ita
455 964 579 1040 aufugit,
592 981 626 1024 ac
640 967 665 1025 si
678 966 786 1043 aliquis
799 967 920 1027 ueniens
930 984 1022 1030 manu
1065 969 1219 1030 mirabilia.
1235 969 1368 1045 Denique
1388 971 1562 1045 prepositus
1579 987 1647 1031 cnm
1665 972 1803 1047 praedicto
1815 972 1919 1033 abbate

162 1052 264 1126 ipsum
285 1051 394 1113 vulnus
412 1053 449 1112 ab
470 1053 535 1128 ejns
548 1055 671 1115 maxilla
687 1056 734 1116 vel
751 1064 870 1132 gutture
884 1058 1020 1118 auferret.
1064 1058 1165 1132 Ugano
1188 1060 1249 1132 l73l,
1263 1060 1316 1136 qui
1337 1060 1378 1118 ita
1395 1060 1562 1133 vocabatur,
1582 1077 1616 1120 ac
1638 1063 1787 1134 fratribus,
1804 1062 1918 1137 ingres·

162 1139 220 1211 Qui
234 1140 331 1201 statim
350 1143 436 1216 coepit
448 1141 610 1216 glorificare
627 1144 732 1219 Deum
749 1162 783 1206 ae
799 1146 943 1206 famulum
958 1148 1023 1222 clus
1064 1163 1116 1208 sus
1141 1148 1293 1208 ecclesiam
1319 1156 1427 1208 sancta
1450 1150 1502 1210 Dei
1529 1152 1700 1224 genitricis,
1726 1153 1919 1227 pulsaverunt

163 1231 283 1289 Petrum
306 1228 492 1301 Damianum,
516 1232 569 1305 aui
593 1247 663 1291 eum
690 1233 830 1309 castigare
857 1234 963 1309 primo,
989 1250 1022 1294 ac
1062 1238 1161 1296 omnia
1184 1237 1267 1312 signa
1290 1244 1318 1297 et
1338 1244 1497 1315 posuerunt
1515 1249 1658 1315 ceroptata
1672 1242 1730 1312 (ll)
1744 1257 1812 1301 cnm
1827 1242 1919 1302 lumi-

161 1318 269 1378 deinde
283 1335 385 1378 sanare
403 1318 605 1390 dignatusest.
621 1321 737 1382 Postera
753 1323 940 1399 deniqnedie
954 1340 1020 1385 sur·
1062 1326 1182 1387 naribus
1205 1334 1272 1387 ante
1294 1344 1390 1388 arcam
1410 1328 1504 1403 ipsius
1527 1330 1618 1389 sancti
1635 1328 1712 1389 Petri
1733 1331 1918 1404 Damiani,et

160 1422 234 1481 gens
247 1406 321 1465 bene
335 1406 491 1481 castigatus
504 1425 542 1469 ex
555 1410 685 1481 verbere,
697 1410 868 1471 Faventiam
881 1415 1019 1488 perrexit,
1061 1415 1239 1475 celebrantes
1258 1417 1371 1489 missas,
1385 1418 1552 1478 obtulerunt
1570 1419 1713 1478 solemnes
1731 1419 1840 1479 bestias
1859 1420 1918 1479 Deo

160 1502 189 1554 et
211 1495 334 1555 veniens
357 1502 424 1556 ante
444 1495 536 1556 altare
557 1496 586 1558 S.
609 1498 708 1558 ldarr'ae
736 1500 807 1561 foris
831 1508 953 1576 portam,
967 1503 1020 1564 nbi
1061 1507 1092 1565 in
1107 1506 1388 1568 odoremsuaeitatis
1402 1510 1834 1586 proanimaeejusabsolutionc
1847 1512 1916 1585 (75).

160 1600 268 1659 corpus
288 1584 401 1645 domini
423 1585 500 1646 Petri
523 1586 705 1647 reconditum
729 1589 833 1664 brerat,
862 1585 1166 1667 prostratnsBAmeu.

740 1720 944 1783 adunantur
962 1724 1195 1786 fluasnflnltss
1214 1725 1336 1788 NOTAE.

188 1832 244 1895 (735
273 1828 342 1885 dieu
366 1833 491 1898 pradela
515 1831 611 1887 abbate
639 1833 738 1900 dpooo,
767 1834 905 1891 Urburtum
935 1843 1016 1895 roeat
1063 1841 1202 1896 coniectae.

159 1903 312 1956 tonnulae.
1095 1912 1149 1978 (75)
1167 1912 1224 1967 Pro
1247 1915 1347 1969 anima
1370 1917 1430 1981 ejas
1451 1915 1626 1972 especiem.
1641 1919 1681 1971 dn
1699 1916 1803 1972 abbatis
1825 1920 1919 1986 ligant,

191 1975 244 2037 titt
267 1973 420 2029 Potuerunt
439 1979 589 2042 ceroptata
619 1979 775 2043 ceroptata,
800 1980 876 2035 tices
896 1994 933 2036 ex
952 1994 1016 2036 cere
1066 1995 1147 2050 qnam
1162 1985 1189 2038 B.
1209 1985 1301 2041 Petrus
1316 1986 1492 2053 culpaverat?

681 2328 863 2446 Batti
901 2330 1084 2447 Putat
1125 2333 1394 2450 DAMlthl

907 2566 1012 2642 vinu
1051 2567 1169 2642 Atta,

464 2741 537 2802 PER
556 2740 733 2802 seruam
750 2739 950 2803 ANTONIUM
967 2742 1187 2803 FLAMINIUM
1207 2743 1607 2807 conducant-:blatteum

697 2921 749 2987 de
762 2941 825 2988 aas.
841 2923 1044 3005 autographo
1058 2923 1150 3005 epau
1165 2922 1373 2991 Faventiam.

190 3262 298 3334 llegna
318 3261 398 3321 soleo
418 3261 565 3337 voluptate
581 3262 669 3335 affici,
682 3263 740 3323 viri
753 3264 917 3337 Ferentini,
933 3277 1007 3338 quo·
1018 3265 1190 3326 Gintantem
1205 3268 1340 3342 persequi
1351 3269 1447 3343 ooepit.
1460 3267 1534 3327 Nam
1547 3282 1615 3328 cum
1626 3275 1689 3342 post
1699 3270 1807 3329 multos
1821 3270 1910 3343 filios,

152 3353 207 3409 ties
228 3356 328 3424 repeto
350 3366 440 3425 quam
461 3357 542 3424 grata
558 3358 587 3410 et
604 3367 694 3427 quam
708 3351 838 3425 ineunda
856 3351 942 3413 tobis
960 3351 1009 3412 ob
1051 3354 1131 3414 bunc
1143 3371 1260 3430 quoqne
1269 3357 1435 3431 peperisset,
1447 3357 1621 3418 exclamavit
1630 3373 1698 3417 eum
1708 3356 1908 3433 indignatione

151 3441 247 3512 tingat
259 3455 357 3514 opera,
370 3455 460 3514 quam
480 3440 512 3498 in
534 3440 741 3513 describendis,
758 3440 810 3517 qui
827 3456 845 3498 a
863 3439 946 3499 vebis
962 3455 1009 3498 re-
1050 3460 1089 3503 ex
1106 3445 1266 3520 majoribus
1287 3453 1358 3506 natu
1379 3446 1450 3504 titiis
1463 3461 1541 3505 unus
1558 3465 1565 3504 :
1585 3446 1620 3503 itt
1632 3447 1779 3521 quamodo
1791 3456 1832 3508 tot
1845 3449 1907 3508 bae·
1946 3443 1948 3446 ’

151 3529 341 3603 ligiosiesime
363 3530 510 3600 coluntur,
525 3538 662 3604 praestare
681 3531 767 3605 coepi,
788 3535 865 3589 tanta
890 3529 1009 3604 quidem
1050 3534 1134 3592 redes
1154 3535 1247 3608 capiet
1277 3549 1337 3592 una
1360 3535 1425 3592 baec
1447 3533 1659 3593 domnalinde
1680 3536 1766 3611 coepit
1789 3536 1908 3598 infense

148 3620 245 3678 animi
267 3620 425 3690 alacritate,
440 3627 550 3695 quanta
573 3635 632 3679 non
652 3619 737 3678 facile
755 3619 915 3695 praestaria
935 3634 1009 3693 quo·
1050 3624 1149 3681 animo
1167 3636 1293 3696 puerum
1311 3629 1403 3680 mater
1424 3620 1557 3691 alerent
1579 3637 1657 3695 tegre
1677 3623 1835 3682 admodum
1862 3624 1909 3683 lac

149 3724 242 3784 quam
255 3709 344 3768 nestri
358 3708 558 3768 amantissimo
571 3716 669 3783 queat.
687 3709 751 3769 Hoc
766 3707 1009 3768 autemanimad·
1050 3711 1095 3770 illi
1117 3711 1267 3785 preberet.
1295 3709 1339 3768 ltu
1364 3710 1484 3785 quidem
1511 3712 1588 3770 mine
1615 3719 1645 3771 et
1671 3712 1769 3787 algore
1796 3713 1908 3787 peribat

149 3801 226 3859 verti
244 3800 278 3859 in
301 3800 442 3873 descripta
466 3815 561 3875 nuper
582 3814 601 3859 a
621 3814 668 3858 me
692 3798 725 3857 B.
749 3798 878 3858 Terentii
894 3797 1009 3857 conlea-
1050 3799 1190 3873 paulatim
1203 3800 1319 3870 inians,
1340 3800 1389 3858 sed
1406 3800 1588 3875 omnipotens
1601 3801 1687 3874 Daue,
1702 3803 1755 3876 qui
1767 3802 1854 3863 illum
1869 3805 1905 3864 ad

149 3889 237 3959 soris,
254 3888 306 3963 qui
337 3888 412 3946 milri
443 3887 556 3961 primus
582 3889 697 3948 oblatus
719 3893 773 3960 est,
799 3884 1009 3948 aasabim
1050 3896 1254 3948 ornamentum
1279 3887 1416 3948 Ecclesiae
1440 3905 1503 3949 suae
1525 3891 1606 3950 nasci
1624 3892 1764 3962 voluerat,
1785 3908 1844 3951 nou
1864 3901 1908 3953 ιιι
1940 3957 1946 3964 ,

149 3980 299 4054 epeeopi,
324 3987 354 4039 et
383 3979 520 4054 martyris
558 3978 627 4039 vita.
655 3976 751 4049 Quare
787 3993 854 4038 cnm
881 3993 899 4036 a
926 3976 1010 4037 vobis
1052 3992 1153 4050 passus
1170 3975 1339 4036 diutinssic
1353 3977 1435 4036 omni
1448 3993 1503 4052 ope
1520 3977 1648 4038 destitui.
1661 3979 1807 4037 Excitavit
1825 3980 1905 4039 euim

150 4067 290 4138 duorum,
309 4067 362 4142 oui
388 4068 483 4128 adbuc
511 4068 667 4141 restabant,
690 4074 856 4127 sanctmum
882 4066 1010 4126 similem
1052 4067 1186 4140 spiritum
1201 4066 1321 4127 leminae
1334 4067 1497 4143 cujusdam,
1512 4084 1580 4144 quae
1599 4068 1636 4127 ad
1654 4084 1719 4128 eam
1733 4068 1863 4139 accessit,
1877 4076 1906 4128 et

150 4170 231 4215 ame
242 4171 362 4230 operam
380 4157 542 4231 exspectari
562 4157 707 4228 audirem,
722 4155 824 4230 patavi
842 4171 889 4214 me
906 4154 1010 4214 debere
1051 4154 1133 4214 illius
1151 4154 1295 4214 saevitiam
1311 4155 1414 4214 acriter
1433 4157 1588 4226 accusarit,
1605 4155 1723 4215 dicens:
1747 4155 1853 4216 Leaena
1876 4163 1906 4216 et

148 4244 253 4303 ιοιιιιιι
290 4244 387 4303 stridio
423 4243 630 4320 exspectationi
662 4251 764 4305 cesae
799 4259 833 4302 ac
868 4243 1010 4304 desiderio
1052 4245 1133 4319 tigris
1155 4261 1224 4305 suos
1248 4260 1316 4304 cum
1341 4244 1507 4305 admirabili
1535 4261 1603 4304 cura
1623 4252 1652 4304 et
1670 4260 1769 4305 amere
1794 4245 1906 4306 catulos

148 4332 436 4409 respenderelgitnr
444 4333 519 4392 beati
528 4333 792 4406 PetriDamiaui,et
802 4334 833 4394 S.
846 4330 1008 4405 AEmiliani,
1050 4332 1213 4404 enutriunt,
1227 4339 1255 4391 et
1282 4339 1314 4391 tn
1339 4332 1487 4408 proprium
1505 4332 1601 4393 lilium
1617 4333 1654 4391 od
1675 4332 1834 4408 imaginem
1851 4333 1904 4393 Dei

150 4439 227 4498 quos
252 4423 414 4499 episcopale
438 4425 586 4499 fastigium
612 4441 680 4485 eum
708 4426 859 4485 sanctitate
880 4425 1009 4485 illustres
1049 4428 1241 4497 procreatum,
1260 4420 1401 4479 hebetatis
1426 4427 1566 4479 maternae
1592 4422 1705 4493 pietatis
1733 4420 1903 4494 uscenbus,

149 4512 230 4582 tecit,
250 4510 376 4583 duobus,
404 4527 478 4586 quoe
497 4511 572 4583 dixi,
588 4512 734 4587 prioribus
754 4510 845 4586 adieci
862 4535 869 4569 z
887 4518 920 4571 nt
947 4526 1009 4584 spe
1050 4517 1109 4569 tam
1129 4510 1284 4570 crudeliter
1309 4516 1413 4568 tractas
1425 4508 1439 4567 ι
1452 4508 1552 4568 Nescis
1575 4511 1639 4568 lieri
1662 4526 1745 4585 posse
1772 4514 1806 4571 ut
1829 4523 1904 4584 puer

148 4608 259 4658 emtum
276 4601 347 4674 jam,
362 4599 396 4658 ui
416 4599 512 4670 tallor,
531 4615 660 4659 amorem
681 4615 749 4674 erga
775 4615 827 4659 vos
855 4614 965 4673 meum,
981 4599 1103 4689 etDiste
1128 4597 1272 4658 illustrem
1295 4596 1452 4673 aliquando
1474 4598 1550 4655 inter
1564 4613 1633 4657 suos
1653 4600 1750 4657 locum
1764 4597 1902 4658 obtineat.

149 4690 342 4759 voluntatem,
358 4688 874 4764 tobisomuia,quaeprestariame
887 4689 1007 4764 possint,
1050 4688 1126 4748 Muta
1150 4694 1194 4749 est
1218 4686 1368 4746 occasione
1390 4685 1440 4744 tali
1462 4693 1562 4759 mater,
1578 4703 1612 4746 ae
1636 4687 1766 4758 erubuit;
1788 4691 1817 4745 et
1837 4694 1903 4746 tan·
1950 4757 1953 4760 ,

147 4777 342 4853 gratificandi,
363 4777 611 4839 manifestioribus
631 4778 761 4854 quotidie
780 4776 897 4836 indiciis
919 4792 1007 4852 expe
1049 4792 1138 4854 qnam
1160 4791 1199 4835 ex
1220 4776 1279 4835 alto
1301 4775 1424 4834 excitata
1439 4790 1553 4847 somno,
1569 4775 1735 4849 resipiscere
1749 4782 1778 4835 et
1795 4782 1902 4836 mater-

150 4866 281 4925 riamini.
294 4864 405 4926 Valete.
1048 4881 1116 4925 nam
1130 4865 1270 4925 exhibere
1286 4863 1470 4936 diligentiam
1484 4863 1591 4922 intanti
1609 4863 1704 4937 caepit.
1722 4865 1761 4923 At
1777 4862 1838 4937 ille,
1850 4863 1905 4939 qui
1941 4933 1944 4938 ,

182 4954 273 5014 luitia
289 4955 359 5012 site
377 4954 435 5013 viri
451 4954 615 5027 clarissimi,
630 4961 718 5031 atque
736 4955 911 5015 sanctissimi
931 4953 1007 5013 Petri
1050 4962 1108 5014 mm
1124 4956 1201 5014 male
1217 4953 1304 5029 paulo
1328 4959 1396 5012 ante
1420 4957 1563 5027 acceptus,
1578 4951 1753 5026 obriguerat,
1767 4960 1795 5011 et
1806 4952 1903 5028 potius

149 5041 285 5101 [lamiani
311 5057 448 5116 magnam
475 5043 636 5117 unicuique
659 5042 883 5101 admirationem
903 5041 1008 5100 aliene
1048 5046 1132 5119 pueri
1157 5044 1264 5104 umbra
1292 5057 1382 5118 qnam
1409 5057 1483 5115 puer
1512 5039 1605 5099 videri
1628 5047 1746 5114 peterat,
1767 5041 1843 5101 vires
1869 5058 1904 5102 ac

147 5138 288 5205 mant:
304 5145 372 5204 que
381 5129 1005 5206 adeoquidembumilialuere,acdlllicilia,
1049 5135 1172 5193 lormam
1195 5132 1277 5192 brevi
1301 5131 1425 5206 recepit3
1439 5129 1489 5188 sed
1503 5129 1672 5187 inchoatum
1694 5130 1727 5188 in
1749 5129 1902 5191 lactentem
2009 5173 2014 5174 ff

147 5224 181 5276 ut
191 5215 312 5276 nonnisi
326 5215 455 5277 divinitu
469 5219 576 5277 tadum
589 5217 764 5292 intelligant,
778 5218 1005 5293 quieanoruut,
1047 5223 1158 5296 odium,
1178 5223 1210 5283 m
1237 5220 1391 5297 pueritiam
1414 5234 1530 5293 quoque
1557 5217 1639 5276 iltius
1663 5220 1823 5280 exulatum
1847 5227 1900 5280 est.

148 5313 181 5366 ut
201 5307 233 5365 in
258 5304 345 5365 talem
360 5321 394 5365 ee
417 5311 531 5366 ιιιιιιιιιι
548 5308 657 5378 virum,
677 5310 728 5384 qui
748 5305 1006 5382 eteloqueutia,et
1048 5311 1133 5384 Nam,
1148 5309 1292 5371 defunctis
1318 5307 1498 5381 perentibus,
1519 5321 1597 5366 nnus
1623 5321 1662 5366 ex
1685 5307 1824 5369 tratribus
1848 5309 1901 5384 qui

145 5396 300 5455 munitate
328 5396 396 5456 sitae
421 5397 474 5457 Dei
501 5398 660 5458 Ecclesiam
691 5400 861 5469 illustraret,
885 5397 1007 5456 evadere
1048 5409 1118 5460 natu
1136 5397 1370 5468 eratmaximus,
1387 5411 1454 5454 cum
1471 5410 1563 5455 uxore
1586 5412 1640 5456 sna
1658 5397 1901 5473 mirisexagitare

145 5488 283 5564 potnerit.
299 5487 359 5548 Vix
378 5489 459 5549 enim
472 5490 560 5550 illum
574 5491 710 5552 enixain
723 5492 892 5551 lucemerat
905 5495 1006 5559 mater,
1049 5488 1133 5549 illum
1154 5487 1249 5547 modis
1273 5484 1402 5561 aggressi
1424 5492 1521 5545 sunt:
1544 5492 1573 5544 et
1596 5485 1678 5547 velut
1699 5487 1729 5546 in
1757 5488 1900 5564 abjectum

145 5577 264 5656 amuda
288 5593 453 5640 numerose
491 5580 580 5654 prolis
612 5590 742 5656 pertaesa
771 5580 915 5642 novercali
941 5579 1008 5640 odio
1049 5575 1239 5651 mancipium,
1253 5572 1461 5636 exsecrabilem
1483 5580 1691 5650 contemptum,
1707 5582 1735 5634 et
1758 5574 1901 5636 tetidem
