4100 6209
204 347 258 405 ιιι
466 341 496 401 ι.
514 339 618 398 curm
637 333 780 396 naman
798 334 876 394 om.
900 332 1076 391 bnassau
1095 305 1257 390 ronnsr.
1276 347 1311 376 -÷
1327 307 1439 390 saur.
1458 332 1524 388 ιιι,
1542 313 1625 389 ιιι·
1794 336 1849 392 350

204 477 289 520 cens:
315 477 325 512 ι
353 452 480 519 Succide,
498 472 509 507 r
534 451 632 523 inquit,
654 469 665 504 ι
682 449 774 515 illam;
798 447 893 521 utquid
916 447 1000 504 etiam
1014 456 1039 514 A
1053 449 1114 519 plex
1128 448 1206 505 nobis
1217 462 1322 506 merces
1335 448 1496 520 acquiritur,
1510 447 1574 504 dum
1586 462 1621 504 ιι
1634 448 1693 519 ipso
1705 447 1850 505 charitatis

205 563 306 609 terram
321 553 437 618 occupat
454 542 531 622 (Luc.
546 540 626 614 sutrii
641 559 651 595 ι
673 539 702 597 st
715 547 807 595 antem
819 537 883 594 dum
896 536 1002 594 imctus
1052 537 1151 606 officio,
1166 539 1238 610 quod
1260 539 1305 609 pie
1318 539 1451 610 proximis
1468 539 1570 596 nostris
1582 538 1775 609 impendimus,
1793 540 1851 595 bei·

204 639 366 712 acquiritur,
385 633 451 691 milri
467 632 527 703 iam
544 631 632 688 bonor
644 629 802 695 exhibetur,
817 626 891 683 illam
913 626 1001 700 repul·
1051 628 1122 686 licus
1133 628 1210 687 labor
1218 631 1318 700 oritur,
1333 646 1414 702 quem
1427 632 1603 702 repugnando
1617 630 1767 687 vincamus.

204 730 290 789 sionis
303 725 465 785 sententiam
480 723 525 781 ria
545 720 655 795 sturgio.
675 735 731 793 qna
747 719 863 777 dicitur:
886 736 897 773 ι
913 717 1001 776 timon
1088 719 1142 778 Sed
1165 737 1201 779 ne
1215 724 1443 795 argumentationi
1464 724 1648 796 potiusquam
1669 722 1763 780 solida
1779 723 1851 779 veri·

205 815 506 889 dicomltis,reccpistis
513 813 666 871 mercedem
672 820 790 869 vestram
797 809 976 883 (liuidum).
988 828 998 864 r
1053 811 1102 867 tati
1116 810 1258 868 videamur
1271 812 1410 879 insistere,
1426 814 1489 879 boc,
1502 815 1573 885 qnod
1587 814 1788 885 proposuimus,
1801 828 1851 885 per

204 914 269 970 tter
281 920 324 969 est
342 910 425 983 igitur
437 907 562 979 qurestio,
582 920 663 975 quarn
682 919 698 959 a
721 913 748 960 te
768 901 837 959 solvi
858 898 1000 980 desidero:
1053 916 1139 958 sacrae
1157 901 1306 973 Scripturas
1320 919 1372 960 non
1388 904 1482 980 pigeat¹
1489 902 1614 974 exempla
1626 913 1789 960 monstrare.
1803 902 1849 960 Jo·

205 1006 256 1060 lroc
268 1002 357 1059 solnm
370 1008 423 1067 est,
438 1007 550 1071 propter
562 998 634 1069 «guod
645 995 693 1053 tibi
707 995 829 1052 scribere
844 1001 942 1051 cuncta
956 1007 1003 1048 su·
1054 993 1121 1064 seph
1134 993 1234 1065 quippe
1249 995 1291 1050 uir
1306 1004 1429 1060 sarmtos,
1444 1008 1475 1052 ut
1492 994 1670 1066 periculosam
1683 993 1774 1066 populi
1785 994 1852 1051 sirb-

204 1096 296 1169 perius
319 1094 517 1163 cotnprehensa
541 1090 673 1162 disposui.
698 1087 752 1146 sen
776 1089 856 1160 quia,
881 1087 1004 1160 injuncto
1053 1083 1158 1139 lerarct
1180 1086 1318 1153 esuriem,
1338 1088 1486 1143 secundam
1517 1095 1579 1158 post
1599 1101 1691 1159 regem
1713 1085 1852 1157 suscipere

204 1184 385 1243 ecclesiastici
400 1183 537 1255 prioratus
552 1182 652 1249 officio,
672 1191 699 1236 te
712 1189 873 1251 occupatum
888 1178 962 1243 nori,
975 1185 1004 1232 et
1054 1190 1108 1230 non
1123 1176 1241 1249 abnegat
1257 1176 1417 1249 dignitatem
1431 1195 1438 1232 ι
1451 1177 1537 1247 etqui
1550 1177 1627 1248 prius
1641 1176 1852 1248 atrgtuticarce·

204 1275 373 1333 rescribendi
389 1274 503 1332 forsitan
519 1275 605 1331 otium
625 1288 679 1329 non
702 1271 782 1328 facile
801 1270 905 1342 poteris
926 1285 1003 1341 repc-
1056 1265 1094 1320 ris
1106 1263 1195 1321 luerat
1208 1265 1306 1332 cultor,
1315 1265 1372 1335 jam
1387 1269 1471 1324 totins
1483 1265 1595 1339 AEgypti
1609 1265 1751 1323 iactusest
1766 1265 1849 1322 dorni·

205 1369 273 1432 rire,
300 1382 383 1438 snper
405 1367 458 1423 bne
480 1364 598 1436 capitulo
621 1378 672 1436 ego
697 1362 755 1435 ipse
778 1361 889 1418 interim
913 1359 1004 1418 scribo
1055 1366 1144 1413 nator.
1161 1355 1238 1414 Unde
1250 1364 1279 1412 et
1290 1354 1390 1413 iratres
1402 1356 1462 1426 eius
1474 1358 1509 1413 ad
1520 1356 1605 1413 iacob
1618 1357 1724 1412 alacres
1736 1356 1851 1412 dicunt:

104 1468 107 1474 ·
204 1459 276 1529 quod
291 1457 544 1516 sentio:nimirum
558 1472 616 1538 non
631 1465 662 1511 ut
678 1454 840 1525 magistrum
856 1452 1005 1542 discipulus
1059 1450 1480 1522 ‹tnupntrtiusmusviviuct
1500 1453 1853 1525 ipsedominatnrinterra

205 1550 328 1613 doceam,
342 1547 390 1603 sed
403 1555 495 1602 utrum
508 1545 560 1602 mei
573 1544 728 1601 intellectus
739 1543 874 1600 sententia
889 1543 1004 1599 tenenda
1057 1542 1168 1615 AEgypti
1187 1541 1265 1614 (Gen.
1285 1544 1358 1617 ιιι).
1377 1563 1387 1597 ι
1410 1544 1528 1617 lloyses,
1553 1544 1600 1615 qui
1623 1545 1724 1600 dudum
1744 1543 1854 1614 cognati

205 1641 252 1706 sit,
264 1642 366 1698 tlis'cam
380 1657 388 1708 ς
406 1639 558 1713 prudentiae
570 1639 676 1695 scilicet
692 1647 745 1693 tuce
756 1636 867 1709 optione
878 1645 1002 1702 servata,
1057 1650 1165 1707 gregem
1183 1635 1211 1691 iu
1230 1636 1338 1692 deserto
1352 1635 1586 1707 burmiliteuparit,
1602 1645 1630 1690 ιιι
1646 1634 1767 1690 melioris
1779 1645 1855 1705 pusn-

206 1741 236 1787 nt
247 1732 291 1788 vel
309 1731 482 1787 abnuendum
503 1729 613 1802 proprio
627 1729 699 1800 stylo
717 1742 857 1793 coerceas,
881 1725 923 1802 rel
937 1741 1005 1798 pro·
1057 1726 1166 1781 modum
1179 1727 1269 1799 gregis
1283 1728 1338 1781 dus
1350 1725 1439 1792 lieret,
1457 1727 1539 1781 totius
1549 1724 1689 1780 israelitici
1702 1720 1793 1796 popilii
1806 1722 1855 1779 ob

206 1822 324 1878 bandum
337 1821 499 1893 gravissima
512 1819 551 1875 tui
560 1818 654 1888 judicii
667 1817 830 1875 auctoritate
842 1818 1002 1874 constituas.
1021 1806 1042 1864 Β
1055 1815 1180 1887 sequium
1200 1831 1253 1872 non
1275 1814 1383 1888 refugit,
1396 1817 1443 1889 qni
1463 1817 1591 1874 nimirum
1606 1816 1642 1870 ad
1654 1815 1723 1870 tauti
1742 1815 1855 1872 bonoris

240 1911 346 1968 Cctncta
373 1925 440 1968 sano
472 1910 626 1967 divinarum
654 1908 868 1981 Scripturamm'
896 1908 1004 1979 eloquia
1055 1908 1162 1989 culmen
1175 1908 1385 1979 perductusest,
1397 1918 1427 1979 ut
1439 1908 1528 1964 omnis
1541 1907 1586 1963 iila
1601 1907 1775 1964 liebraeomm
1786 1905 1856 1961 urul-

206 1999 239 2059 ιι
268 2002 305 2058 nil
335 2001 425 2068 aliud,
450 2001 502 2057 nisi
525 2000 559 2055 ad
584 2000 738 2056 animarum
762 1999 879 2057 salutem
900 2000 1006 2057 crebris
1044 1997 1144 2059 ‚titudo
1154 2000 1188 2055 ad
1195 1998 1328 2069 jussionis
1338 1997 1528 2077 ejussercrba
1538 1998 1728 2069 suspenderet,
1740 1997 1856 2067 eiusque

208 2093 289 2166 159
310 2101 374 2148 sunt
390 2091 572 2148 uoluminibus
590 2101 713 2148 exarata.
733 2091 870 2163 Quidquid
884 2093 956 2149 enim
978 2093 1004 2148 iu
1055 2086 1160 2158 legibus
1169 2088 1281 2159 supplex
1291 2089 1494 2160 obtemperaret
1502 2087 1601 2160 (amc.
1609 2086 1855 2158 irrumpimus-

206 2186 249 2240 bis
262 2184 431 2255 praecipitur,
450 2183 582 2255 quidquid
596 2183 772 2261 prohibetur,
795 2190 883 2239 totum
897 2163 1006 2253 ”procul
1057 2194 1110 2250 que
1123 2188 1215 2236 tamen
1227 2189 1335 2250 quantae
1346 2180 1560 2237 mausuetudinis
1574 2180 1674 2253 inipso
1686 2179 1857 2236 sublimitate

206 2274 288 2330 mtbio
300 2274 335 2330 ad
348 2281 506 2345 provectum
521 2273 551 2327 tlt
568 2272 732 2341 enituerunt,
747 2268 834 2328 Paulo
847 2280 1005 2338 attestante,
1055 2271 1220 2350 perstiterit,
1236 2271 1420 2329 indubitanter
1438 2273 1605 2343 agnoscitur,
1616 2282 1646 2327 et
1663 2272 1728 2327 dnm
1743 2270 1813 2327 alter
1824 2287 1857 2326 se

205 2364 252 2433 qni
268 2363 325 2418 ait:
344 2381 355 2416 ι
373 2362 547 2433 Quaecnuque
563 2363 665 2433 scripta
681 2371 754 2430 sunt,
771 2364 805 2420 ad
822 2371 945 2420 nostram
956 2364 1006 2419 do·
1056 2362 1257 2434 agnoscendum
1269 2363 1420 2435 peregrinis
1431 2362 1570 2431 iratribus,
1583 2380 1644 2420 cum
1658 2363 1742 2420 latere
1752 2363 1859 2433 potuis·

205 2454 323 2509 carinam
343 2453 445 2526 scripta
465 2463 540 2519 sunt,
560 2462 590 2509 ut
603 2468 653 2524 per
673 2454 842 2527 patientiam,
856 2464 885 2512 et
908 2470 1007 2512 conso·
1058 2465 1110 2521 set,
1123 2456 1264 2511 ultroneus
1274 2455 1355 2528 100
1364 2455 1476 2523 oderam
1488 2455 1557 2512 alter
1571 2471 1650 2512 ιιιιιι
1662 2454 1856 2519 humilitatem.

207 2544 335 2601 lationem
362 2543 578 2615 scripturarum,
604 2558 680 2614 spem
717 2543 866 2602 babeamus
901 2544 1007 2618 (lium.
1058 2546 1859 2620 velutalienam,buruidtcrpandaterrat,inquit,lloyses

207 2637 275 2709 ιι).
299 2657 309 2689 r
334 2635 363 2692 Si
388 2650 453 2708 ergo
477 2645 590 2706 propter
615 2634 764 2709 scriptura
787 2637 876 2694 minas
896 2638 936 2698 sic
959 2638 1009 2695 im·
1058 2638 1477 2709 nirmitissimussuperomnes
1493 2639 1617 2697 bomines
1644 2639 1690 2710 qul
1706 2639 1857 2708 moraban-

206 2742 308 2799 pensns
320 2726 408 2782 bonor
418 2725 567 2797 nutuguur,
580 2735 611 2781 ut
621 2726 774 2781 animarum
785 2741 893 2799 quoque
906 2728 1009 2786 utilitas
1059 2739 1105 2787 tur
1120 2731 1149 2786 in
1164 2739 1236 2787 terra
1252 2728 1349 2802 (Num.
1367 2731 1429 2804 ιιι).
1447 2749 1457 2785 ι
1476 2728 1560 2788 iosue
1572 2746 1690 2802 quoqne,
1702 2732 1749 2802 qui
1768 2731 1858 2807 llopsi

208 2815 380 2887 negligatur;
407 2823 483 2886 patet
504 2813 639 2886 prolecto,
660 2816 725 2888 quia
747 2816 871 2885 intentio,
885 2833 936 2889 pro
953 2835 1008 2891 qua
1060 2825 1187 2880 minister
1208 2824 1361 2889 exstiterat,
1377 2838 1411 2879 eo
1425 2825 1574 2889 moriente,
1589 2823 1730 2894 suscipere
1746 2826 1860 2894 regimi-

209 2908 350 2979 Scriptura
373 2906 477 2965 servari
498 2908 603 2977 debuit,
621 2924 676 2966 uon
691 2917 809 2967 tenetur.
831 2909 861 2968 Si
881 2912 953 2968 enim
974 2912 1009 2968 ad
1060 2914 1105 2972 nis
1124 2912 1241 2971 officium
1257 2928 1313 2969 nou
1334 2922 1446 2969 recusat
1463 2913 1531 2983 (lor.
1554 2913 1586 2986 r).
1609 2912 1661 2980 Qui
1679 2914 1811 2970 nimirum
1823 2916 1859 2976 ,si

209 3003 282 3059 brtrre
304 3000 385 3057 liutem
399 3000 490 3059 omnis
509 3015 588 3058 seem
602 2999 745 3074 Scriptura
760 3001 892 3072 refertur,
910 3013 941 3059 ut
961 3020 1010 3076 per
1061 3020 1111 3076 pro
1125 3004 1278 3061 humilitate
1296 3005 1429 3062 servanda
1440 3004 1609 3076 principatus
1620 3003 1683 3073 jura
1698 3014 1861 3063 martenius·

208 3108 271 3149 ιιιιιι
297 3091 371 3164 salus
398 3091 497 3146 animae
518 3090 689 3162 requiratur,
711 3092 777 3148 dum
802 3093 936 3168 lugientes
958 3096 1007 3151 bo·
1062 3107 1116 3166 ret,
1131 3098 1284 3154 numerosis
1302 3097 1421 3169 regibus,
1435 3112 1505 3168 quos
1517 3098 1645 3174 peremit,
1667 3098 1859 3170 perimendam

209 3198 315 3249 norem,
343 3182 498 3237 animarum
522 3181 599 3238 lucra
625 3183 825 3254 postponimus,
848 3185 877 3240 id
900 3185 1012 3257 potissi·
1025 3157 1047 3223 C
1062 3188 1155 3262 populi
1179 3188 1381 3245 multitudinem
1406 3199 1566 3246 cunctorum
1593 3204 1658 3246 reos
1684 3200 1858 3260 exponeret:

209 3296 295 3347 mum,
315 3288 427 3352 propter
447 3278 520 3351 quod
531 3277 672 3350 scriptura
700 3276 773 3336 iacta
797 3286 851 3346 est,
878 3293 934 3334 uon
955 3292 1013 3334 ser·
1062 3290 1090 3338 ιι
1103 3282 1167 3337 dum
1192 3281 1246 3338 sibi
1268 3289 1376 3338 caveret
1389 3280 1531 3349 iactantia
1548 3297 1654 3349 casum,
1678 3282 1795 3339 fratrum
1811 3300 1863 3342 no·

207 3387 316 3428 ramus.
331 3371 365 3428 lla
383 3385 513 3443 perverso
530 3370 622 3437 modo,
635 3371 700 3428 dum
713 3371 904 3441 obtemperare
920 3370 1011 3427 sacris
1061 3373 1176 3446 gligeret
1199 3373 1262 3430 vitae
1279 3373 1440 3446 periculum.
1457 3373 1529 3442 Quid
1551 3376 1640 3432 dicam
1667 3375 1788 3445 Samuel,
1810 3380 1860 3451 qui

208 3462 393 3520 voluminibus
407 3462 529 3529 nitimur,
548 3472 644 3521 contra
659 3463 718 3520 bac
729 3465 825 3520 eadem
838 3477 918 3520 sacra
936 3461 1014 3519 rolu-
1062 3465 1183 3537 quaudiu
1197 3480 1252 3521 non
1269 3472 1313 3521 est
1328 3466 1436 3536 abipso
1450 3466 1595 3538 populoer
1611 3468 1781 3540 principatus
1793 3485 1863 3526 arec

209 3555 284 3611 urina
298 3556 480 3611 decertamus.
495 3553 547 3623 Qui
559 3554 632 3612 enim
646 3554 732 3613 dicit:
748 3573 758 3609 t
773 3553 813 3612 lie
827 3556 972 3613 recumbas
984 3555 1012 3611 in
1062 3555 1195 3627 dejectus,
1209 3564 1239 3613 et
1259 3556 1386 3613 excelsus
1400 3555 1544 3612 videbatur
1559 3557 1588 3613 in
1607 3557 1736 3628 publico,
1762 3569 1791 3614 et
1808 3560 1864 3616 larr-

211 3646 301 3719 primo
321 3645 381 3701 loco
395 3643 486 3717 ’(ιιι.
504 3644 579 3716 ιιι),
610 3663 620 3699 ι
649 3645 708 3717 ipso
735 3636 874 3719 precipit,
896 3646 1010 3703 dicens:
1063 3647 1135 3705 milis
1145 3657 1206 3706 erat
1215 3649 1243 3705 in
1252 3648 1431 3718 occuitolQui
1440 3649 1568 3707 videlicet
1583 3653 1701 3721 suscepti
1716 3651 1864 3723 regiminis

213 3758 224 3793 ι
238 3738 289 3808 Qui
303 3739 391 3804 audit,
411 3739 485 3794 dicat
497 3754 505 3793 ι
517 3735 588 3793 Veni
607 3737 700 3810 (Aper.
717 3737 798 3809 ιιιι).
816 3756 827 3791 r
841 3738 934 3810 Ecqui
951 3753 1013 3808 pro·
1062 3738 1152 3795 locum
1170 3739 1238 3796 adeo
1253 3738 1356 3796 inritus
1379 3731 1510 3805 deseruit,
1526 3748 1557 3796 ut
1578 3740 1728 3811 majeribus
1741 3751 1808 3798 natu
1822 3759 1864 3799 ιι

207 3829 294 3892 bibet,
311 3845 346 3886 nc
360 3827 493 3885 vocemini
512 3828 633 3900 magistri
647 3827 744 3900 (llntlr.
759 3829 852 3898 ιιιιι),
867 3828 925 3899 ipse
936 3829 1014 3900 jubet
1063 3830 1147 3888 lsrael
1154 3829 1205 3886 sibi
1215 3844 1305 3903 regem
1313 3830 1525 3902 petentibus,de
1535 3846 1568 3887 eo
1578 3833 1703 3903 protinus
1713 3833 1861 3904 Scriptura

212 3920 352 3991 discipulis
363 3938 370 3977 ι
381 3938 391 3972 ι
403 3919 552 3987 liudonem
562 3928 756 3991 omnesgentcs
764 3918 988 3992 (Martanum).
1000 3942 1010 3974 r
1063 3920 1151 3977 dicat:
1162 3939 1172 3974 ι
1184 3919 1324 3993 displicuit
1337 3935 1429 3979 sermo
1441 3922 1467 3977 in
1483 3922 1570 3979 oculis
1582 3923 1729 3990 Samuelis,
1740 3937 1774 3981 eo
1784 3928 1864 3996 qnod

211 4012 325 4084 Oportet
336 4026 413 4085 ergo,
428 4017 458 4067 ut
475 4010 539 4067 dum
553 4011 708 4066 animarum
728 4009 833 4068 tructus
846 4011 1011 4082 exquiritur,
1062 4011 1205 4076 dixissent,
1222 4010 1260 4066 lia
1280 4012 1361 4067 nobis
1384 4025 1487 4082 regem,
1511 4020 1541 4067 ιιι
1553 4013 1658 4083 indicet
1679 4014 1774 4084 nortl
1793 4014 1865 4086 llep.

211 4119 266 4161 uon
287 4106 406 4161 bumana
427 4104 499 4170 lans,
520 4120 574 4161 nou
587 4103 727 4176 popularis
747 4103 835 4171 lavor,
850 4119 905 4161 uon
921 4103 1013 4177 aliqua
1063 4101 1135 4175 un).
1152 4121 1163 4157 r
1180 4102 1250 4170 Quin
1273 4101 1390 4159 reseram
1411 4101 1516 4158 Eliaml
1529 4103 1596 4173 quid
1609 4102 1756 4160 Elisaumi
1770 4106 1820 4176 qui
1832 4118 1869 4162 ιιι

212 4195 324 4250 lionoris
358 4195 513 4250 reuerentia
551 4195 654 4252 mentis
687 4194 839 4251 intentione
863 4204 1012 4265 queratur.
1063 4191 1194 4274 pmnimis
1211 4192 1364 4264 potuissent
1380 4208 1428 4249 sua
1446 4194 1638 4264 praedicatione
1652 4195 1795 4266 proicere,
1809 4214 1868 4255 ne·

213 4282 289 4352 Quod
312 4283 335 4339 si
355 4283 427 4340 ultro
441 4283 550 4340 oblatus
573 4285 660 4340 bonor
674 4283 828 4340 uolentibus
843 4283 923 4340 nobis
938 4286 1015 4359 iuge·
1063 4297 1200 4355 quaquam
1213 4282 1293 4340 ueriti
1307 4292 1371 4339 sunt
1391 4292 1419 4339 et
1441 4283 1533 4341 multis
1546 4299 1692 4342 coruscare
1706 4286 1869 4355 mimcuiis,

213 4374 294 4443 ritur,
313 4375 497 4432 necessarium
512 4383 563 4442 est,
581 4383 613 4430 nt
634 4376 661 4430 lu
677 4373 833 4446 parimento
849 4374 940 4433 cordis
962 4377 1014 4433 sub
1064 4372 1303 4447 etipsisregibus,
1321 4372 1451 4443 omnique
1474 4373 1574 4445 populo
1595 4374 1765 4432 venerabiies
1778 4393 1872 4450 appa·
1921 4375 1926 4378 ’

213 4465 339 4521 districto
351 4465 501 4536 disciplina
513 4466 583 4539 pede
596 4465 728 4532 calcetur,
740 4473 767 4522 et
778 4466 852 4529 reiut
864 4477 1013 4524 venenatus
1064 4480 1137 4521 rere.
1151 4464 1196 4530 Et,
1209 4471 1240 4519 ut
1250 4461 1306 4533 iam
1316 4464 1507 4534 pruterrrrissis
1520 4472 1560 4519 tot
1574 4464 1681 4521 Veteris
1693 4464 1871 4525 Testamenti

213 4571 328 4628 serpens
343 4555 369 4612 iu
389 4559 448 4629 ipso
471 4557 653 4630 suggestionis
674 4557 763 4629 capito
785 4558 869 4614 ictum
893 4560 1010 4627 serrdut;
1065 4556 1191 4613 Patribus
1213 4555 1248 4610 ad
1273 4554 1454 4628 Euangeliou,
1468 4564 1621 4622 ιιιιιιιιιι,
1642 4559 1764 4630 nunquid
1792 4577 1874 4631 prm-

213 4664 248 4704 ιι
269 4663 329 4715 tros,
350 4650 423 4720 qnod
443 4649 524 4717 absit,
548 4649 575 4705 in
598 4656 721 4706 extremo
744 4647 821 4705 bonae
847 4649 1013 4720 opterationis
1053 4663 1161 4705 cursor
1169 4646 1273 4703 llomini
1286 4646 1373 4704 uitare
1383 4647 1491 4718 penitus
1502 4649 1613 4706 bonoria
1623 4653 1876 4724 reverentiampo-

212 4736 371 4795 calcaneum
390 4740 514 4795 mordere
530 4725 686 4809 prasumat.
705 4736 761 4795 Nec
778 4749 868 4795 tarrren
879 4738 916 4795 ob
929 4739 956 4795 id
971 4748 1015 4796 cst
1066 4737 1127 4802 tuit,
1137 4737 1183 4808 qui
1198 4752 1228 4794 se
1241 4736 1380 4792 Christum
1400 4752 1454 4794 non
1465 4741 1876 4812 esseturbisipsumessecre·

213 4832 366 4886 animarum
387 4829 490 4886 utilitas
504 4829 664 4898 deserenda,
681 4829 728 4885 sed
749 4838 780 4885 nt
802 4844 895 4886 reuera
912 4832 1014 4887 strenui
1066 4828 1249 4899 dentibus,rir
1264 4829 1387 4898 negando
1398 4829 1584 4902 suaslttduon.
1596 4829 1879 4904 utumqmdcerro

213 4921 367 4988 bellatores,
385 4920 451 4978 dum
476 4921 656 4993 nosmetipsos
684 4920 845 4977 humilitatis
865 4921 959 4994 clypeo
980 4923 1014 4976 nb
1065 4921 1204 4993 popularis
1224 4921 1382 4978 reuerentiae
1402 4921 1480 4977 lavor
1497 4921 1593 4992 deluit,
1606 4925 1653 4996 qni
1670 4925 1880 4997 totlanguirlos

214 5011 314 5081 injecto
334 5011 461 5068 elationis
484 5010 537 5066 telo
556 5010 732 5081 protegimus,
748 4995 886 5082 proximos
906 5020 1014 5068 nostrus
1068 5009 1210 5081 superlusa
1227 5010 1398 5067 solummodo
1411 5010 1453 5066 aui
1472 5013 1596 5082 corporis
1620 5014 1717 5070 umbra
1737 5015 1881 5084 mutarit?

214 5106 247 5157 nd
273 5102 379 5159 lortiter
400 5102 534 5175 agendum
559 5109 660 5157 sancta
683 5101 880 5158 exhortationis
903 5105 1014 5158 rombus
1068 5100 1137 5168 (Act.
1153 5098 1193 5169 ι.)
1214 5097 1437 5171 Nunqnidl‘anlo
1455 5115 1509 5157 non
1529 5108 1573 5156 est
1595 5101 1683 5157 bonor
1704 5102 1881 5169 exhibitus,

214 5194 375 5249 excitemus.
403 5193 594 5250 Verumtamen
630 5194 670 5251 sie
686 5179 825 5264 proximos
864 5196 1014 5264 punientia:
1067 5188 1284 5260 quandoquidem
1300 5190 1326 5245 in
1336 5189 1438 5261 Lystris
1457 5205 1519 5246 ιιοι
1538 5199 1568 5246 ut
1581 5190 1678 5247 debilis
1691 5190 1817 5263 pedibus.
1837 5211 1885 5251 ers

214 5293 315 5338 nostru
329 5282 438 5354 clypeus
454 5293 590 5356 protegat,
607 5299 642 5340 ne
661 5285 747 5340 bostis
760 5293 822 5354 post
844 5292 948 5355 tergum
973 5285 1013 5339 tu·
1069 5281 1252 5354 pracipiente,
1267 5281 1403 5350 surrexit,
1418 5281 1645 5352 protiuuaomnis
1664 5284 1742 5338 turba
1758 5282 1787 5338 in
1804 5283 1887 5354 eius

215 5373 309 5438 titans,
324 5373 460 5430 occultum
476 5391 510 5431 ιι
525 5375 632 5432 insidiis
645 5375 744 5432 miluus
761 5373 875 5448 infligat.
892 5375 937 5431 Sic
952 5392 1016 5432 corr·
1068 5373 1174 5430 laudem
1188 5372 1339 5444 stupefacta
1349 5374 1475 5430 clamavit
1491 5392 1497 5427 :
1512 5391 1522 5424 ι
1537 5373 1589 5440 bit,
1606 5374 1741 5444 inquiunt,
1759 5375 1889 5437 similes

216 5473 258 5519 tra
273 5476 396 5520 nnumin
409 5466 571 5523 dimicemus
592 5467 791 5533 adversarium,
811 5478 841 5522 ut
854 5468 1016 5522 corrrnrilitn·
1069 5465 1132 5519 iacti
1148 5465 1301 5521 bominibus
1317 5465 1515 5521 descendemut
1535 5465 1570 5519 ad
1594 5480 1644 5520 nos
1660 5464 1731 5538 (Act.
1756 5465 1841 5534 ιιι);
1870 5491 1885 5524 a

215 5555 295 5610 tribus
305 5554 388 5611 etiam
401 5558 504 5613 nostris
516 5557 705 5626 provideamus
718 5557 860 5614 auxilium.
884 5556 1014 5613 Siccircn
1069 5557 1140 5612 ιιιιιιι
1166 5557 1236 5613 sicut
1261 5557 1342 5628 paulo
1366 5567 1427 5629 post
1442 5557 1588 5613 subditur:
1609 5577 1618 5608 ι
1639 5555 1773 5612 Sacerdos
1786 5555 1892 5618 lovis

214 5648 413 5704 coruruilitnues
429 5647 552 5707 fraterna
574 5650 695 5706 clraritas
709 5651 811 5722 uigilet,
828 5664 862 5705 ne
875 5651 1014 5722 proprium
1068 5648 1114 5719 qni
1139 5656 1199 5703 erat
1219 5658 1283 5704 ante
1298 5648 1448 5712 civitatem,
1465 5656 1558 5704 tauros
1568 5657 1596 5703 et
1612 5663 1728 5703 coronas
1746 5657 1810 5702 aute
1828 5649 1893 5719 js.

214 5735 284 5797 latus
304 5736 402 5813 gladiis
418 5737 566 5803 inostilibus
588 5742 682 5797 nudet.
699 5740 745 5796 Sic
770 5741 810 5797 sic
825 5741 953 5796 nimirum
967 5741 1016 5798 tiu·
1070 5757 1139 5797 nuns
1164 5739 1283 5796 offerens
1313 5756 1375 5795 rum
1412 5739 1539 5811 populis,
1568 5738 1675 5796 volebat
1706 5739 1895 5803 sacrificate
