4100 6209
205 308 257 368 aa
515 305 544 366 s
566 301 676 365 sarar
696 277 859 378 usurarii
880 298 958 359 orn.
981 294 1079 357 etas
1100 293 1170 354 sun
1191 295 1316 357 nouus
1335 275 1427 356 rr·-
1448 285 1655 358 snauouas.
1704 359 1708 380 ,
1896 323 1909 384 3
1981 319 1988 464 ¹

203 448 261 508 qus
286 432 366 491 enim
392 431 491 490 lecerit
522 429 699 488 voluntatem
730 425 820 485 Patris
850 424 919 497 net,
947 423 998 498 qui
1029 418 1204 494 inAspiciis
1239 437 1375 497 prospera
1413 421 1556 480 matribus
1591 424 1731 485 nuntiare.
1770 428 1792 487 Β

185 523 285 582 caelis
304 509 377 592 ast,
404 519 465 594 ipse
491 533 573 576 meus
602 516 710 586 irater,
741 529 821 573 soror
849 521 877 573 et
904 518 996 571 mater
1022 517 1068 571 est
1109 509 1209 581 Maria,
1236 526 1303 571 cum
1333 509 1427 570 filiurn
1453 511 1488 569 ad
1519 512 1660 586 templum
1684 514 1776 575 delerr
1852 528 1911 590 hunc

204 615 315 684 (Madd.
331 615 397 680 xit).
415 630 429 659 ι
955 637 961 645 ·
1057 671 1064 684 .
1110 596 1227 658 Simeon
1243 600 1274 658 iu
1290 600 1370 659 ulnis
1383 600 1534 673 acciperet,
1549 602 1662 661 audivit
1674 627 1684 672 ε,
1697 627 1711 658 «
1725 605 1829 682 Etpnarn
1840 616 1912 689 ipsus

240 702 360 770 Notata,
387 699 511 768 iratres,
540 702 637 757 notate
664 694 834 772 dignitatem
860 698 1010 763 vestram,
1039 689 1066 749 sl
1107 689 1235 747 animam
1256 688 1441 762 pertransibit
1462 690 1580 764 gladius
1603 693 1706 760 (ibid).
1726 691 1786 772 »pte
1800 702 1821 759 εἰ
1839 715 1912 778 apem

203 789 393 864 adimplentes
424 786 604 845 voluntatem
636 783 688 844 Dei
722 783 855 858 frangitis
886 782 1064 843 voluntatem
1107 776 1212 836 diceret
1233 776 1332 837 :Dum
1352 777 1430 837 iilius
1458 785 1527 837 tuus
1544 779 1665 839 senserit
1685 784 1824 855 passionen
1841 797 1912 855 crucis

205 886 338 940 vestram.
380 877 452 937 Ecce
486 875 569 935 beata
597 882 625 933 et
655 873 830 934 venerabilis
862 873 945 947 virgo
971 869 1065 930 Maria
1107 864 1281 940 incorpore,
1301 873 1328 926 te
1345 868 1434 925 etiam
1459 868 1732 943 transfigetgladius
1749 881 1914 952 compassionis

203 969 364 1030 secundum
383 980 499 1026 earnem
520 964 639 1040 quidem
661 971 751 1022 mater
768 962 874 1021 Christi
894 961 959 1032 luit,
974 962 1064 1018 trater
1105 954 1137 1013 in
1154 961 1261 1014 mente.
1578 965 1580 970 ·
1656 1027 1660 1036 .

203 1075 262 1122 nou
278 1058 343 1127 luit,
360 1071 441 1115 soror
464 1070 523 1114 non
547 1053 612 1112 init.
630 1053 665 1111 ttt
680 1051 850 1127 quicunque
872 1049 984 1124 aliquid
1008 1049 1063 1108 ho·
1143 1041 1317 1103 Studeamus
1329 1051 1356 1103 et
1373 1061 1436 1119 uos,
1451 1045 1641 1117 dilectissimi,
1657 1049 1751 1108 saculi
1763 1050 1913 1125 huiusblan.

203 1166 267 1210 ruru
295 1147 383 1207 alicui
410 1144 572 1204 secundum
599 1142 723 1202 carnalis
746 1141 814 1213 jura
837 1137 1063 1214 propinquitatis
1106 1131 1235 1191 dimeota
1260 1132 1427 1206 despicere,
1452 1150 1549 1193 rerum
1578 1141 1749 1196 terrenarum
1773 1139 1913 1203 affluentiam

203 1236 357 1308 exstiterit,
384 1232 463 1292 aliud
491 1231 547 1293 sibi
570 1247 632 1290 esse
657 1229 776 1288 omnino
802 1243 860 1287 non
886 1226 1003 1299 valebit,
1029 1231 1062 1285 ut
1106 1218 1243 1290 devitare,
1261 1221 1357 1280 carnis
1383 1222 1529 1281 incentiva
1553 1225 1716 1297 reprimere,
1734 1241 1832 1288 crucem
1851 1230 1914 1291 Cbri·

204 1326 346 1387 nimirum
365 1323 390 1382 si
413 1327 503 1382 mater
523 1318 621 1389 luerit,
641 1320 737 1388 irater,
754 1315 799 1374 vel
818 1330 898 1373 soror
921 1329 982 1373 esse
1003 1326 1061 1371 non
1104 1309 1140 1367 sti
1160 1309 1276 1369 assidue
1295 1311 1326 1369 in
1351 1319 1447 1370 mente
1469 1318 1600 1385 portare;
1623 1319 1758 1386 quatenus
1777 1317 1838 1377 dum
1856 1336 1914 1381 nuuc

205 1415 313 1492 possit;
339 1413 456 1472 sivero
481 1413 578 1482 irater,
607 1406 656 1468 rel
683 1422 763 1466 soror
790 1403 943 1475 exstiterit,
970 1409 1062 1464 mater
1104 1398 1202 1456 anima
1227 1407 1324 1458 nostra
1345 1400 1443 1474 gladio
1468 1399 1568 1459 biacia
1592 1401 1773 1475 transfigitur,
1796 1421 1852 1464 cun
1870 1409 1916 1483 ips

204 1519 264 1563 non
291 1502 337 1561 sit.
366 1500 424 1560 Nos
447 1506 544 1559 autem
560 1500 623 1558 haec
645 1496 733 1555 simul
750 1495 848 1555 omnia
872 1493 987 1553 Christo
1010 1509 1063 1568 per
1103 1488 1288 1561 postmodum
1305 1487 1341 1547 de
1359 1496 1476 1548 aetcrnae
1495 1489 1639 1550 felicitatis
1657 1491 1799 1554 dulcedine
1814 1496 1915 1558 satiem.

206 1593 347 1667 Spiritum
375 1605 488 1660 sumus,
516 1587 541 1647 si
567 1586 745 1646 voluntatem
777 1582 892 1654 Christi,
923 1598 990 1657 quan
1016 1581 1061 1640 illi
1104 1573 1187 1645 Quod
1213 1576 1274 1651 ipse
1299 1585 1435 1652 praestare
1458 1577 1605 1653 dignetur,
1634 1584 1684 1655 qui
1709 1597 1744 1641 er
1774 1583 1844 1643 Patre
1867 1593 1917 1645 aaa

205 1698 318 1758 semper
340 1695 407 1741 cum
429 1679 512 1740 Patre
536 1678 701 1737 communis
726 1681 777 1745 est,
802 1671 962 1747 adimplere
985 1678 1061 1730 sata·
1103 1664 1210 1723 secula
1235 1665 1351 1740 genitus
1374 1682 1413 1725 ex
1438 1666 1499 1741 ipsa
1520 1668 1599 1727 nasci
1620 1669 1752 1742 dignatus
1772 1680 1812 1730 est
1830 1674 1854 1732 iu
1873 1675 1918 1734 tine

205 1774 313 1850 gimus.
340 1769 395 1830 Sed
420 1769 497 1845 quod
518 1773 618 1827 natum
640 1772 736 1824 estex
758 1778 853 1834 carne,
869 1776 935 1822 caro
958 1765 1019 1830 est;
1035 1754 1288 1841 etBsaeculorum.
1302 1757 1408 1816 Arnen.

205 1861 283 1940 quod
303 1864 403 1932 uatum
426 1862 469 1917 est
491 1872 529 1916 ex
552 1854 665 1930 spiritu,
682 1852 800 1926 spiritus
824 1856 866 1908 est
892 1851 981 1922 (toan.
1007 1850 1059 1920 uti,
1412 1855 1538 1916 sappo
1560 1854 1663 1915 XLVI,

204 1949 276 2026 quia
302 1947 380 2007 Deus
405 1945 531 2020 Spiritus
558 1948 609 2004 est.
638 1941 684 1999 Ex
711 1939 762 1999 illa
788 1954 857 2013 ergo
885 1946 976 2014 parte,
1004 1954 1061 2012 oua
1118 1954 1242 2004 nonnus
1254 1957 1285 2004 rs
1299 1956 1479 2004 nrrrvrrrrs
1496 1956 1677 2004 nsanssrnn
1689 1956 1808 2006 uramus
1819 1959 1909 2006 usna.

204 2037 380 2110 Redemptor
406 2041 503 2093 noster
531 2033 609 2091 Deus
637 2036 703 2099 est,
734 2027 888 2103 propinqui
919 2028 974 2086 sibi
1003 2033 1061 2085 tam
1447 2019 1617 2090 (vulsum.)

204 2123 404 2198 multipliciter
425 2135 539 2190 sumna,
564 2123 707 2193 quantum
735 2115 778 2173 illi
803 2116 884 2174 beata
909 2112 1005 2188 Virgo,
1023 2128 1061 2171 ert
1105 2100 1228 2162 lssilitlffl
1257 2105 1348 2164 sancii
1382 2106 1536 2178 Evangelii
1565 2104 1724 2165 secundum
1751 2106 1918 2166 llattbaun:
1986 2165 1987 2168 ,

205 2226 262 2286 qua
283 2209 363 2268 nasci
384 2206 521 2280 dignatus
542 2214 594 2276 est,
611 2203 771 2265 secundum
788 2217 905 2261 caruem
927 2215 1061 2259 essenon
1139 2176 1741 2318 ᾗῑέξὲὴαέζῃθῖῑθῖῗῖἶῗαέθδἕωῖξῗδῗαέἐξῑ
1758 2178 1921 2305 &iffi

204 2298 306 2375 potuit.
330 2297 483 2370 Proprium
509 2302 537 2395 et
563 2283 710 2369 singulare
738 2291 792 2390 luit
817 2290 861 2349 illi
888 2288 1062 2350 beatissimas
1140 2309 1235 2385 mugit
1255 2321 1347 2384 Jacob,
1371 2323 1453 2377 Jacob
1468 2319 1558 2377 amm
1578 2322 1675 2389 qma
1696 2321 1921 2388 indomnicata

205 2388 320 2462 Virgini
348 2386 494 2446 Christum
529 2400 561 2442 rn
595 2382 685 2442 vulva
710 2395 877 2455 concipere3
905 2393 1062 2438 commune
1140 2389 1209 2458 ejus.
1224 2389 1260 2448 itt
1274 2390 1397 2465 reliqua.
1414 2395 1524 2465 (blatta.
1540 2396 1573 2465 r.)

203 2492 283 2549 vero,
306 2480 335 2533 et
359 2469 525 2532 universale
549 2474 593 2528 est
615 2468 753 2528 omnibus
782 2467 879 2527 electis
906 2466 938 2526 iu
967 2464 1062 2525 cordis
1139 2479 1280 2551 Audistis,
1304 2481 1406 2541 fraires
1430 2484 1611 2555 charissimi,
1642 2483 1797 2544 Dominio&
1818 2480 1921 2539 imma.

203 2583 270 2629 enm
292 2563 446 2623 devotione
464 2567 587 2634 portare.
605 2560 689 2618 Felix
708 2559 768 2632 illa,
786 2566 814 2618 et
833 2557 959 2617 nimium
978 2557 1062 2617 beata
1104 2566 1192 2627 tionis
1211 2569 1358 2629 ineffabile
1378 2581 1589 2634 sacramentum
1605 2593 1612 2632 :
1628 2573 1751 2633 audistis
1772 2571 1801 2629 in
1818 2565 1922 2642 gerala
1986 2603 1987 2652 3

204 2655 329 2723 femina,
358 2667 424 2725 llllae
454 2648 539 2708 illum
571 2663 674 2707 ss0l0ffl
703 2647 853 2707 mensibus
881 2645 1003 2719 gestivi!
1030 2645 1062 2705 in
1103 2655 1151 2728 gia
1175 2657 1349 2717 beatissimae
1374 2660 1522 2732 genitricis
1547 2661 1610 2732 Dei,
1638 2659 1820 2736 reparationis
1842 2661 1922 2727 nycte

103 2747 108 2758 ’
202 2751 318 2814 reutre3
338 2740 436 2800 felices
459 2739 547 2798 etiam
570 2752 632 2807 nos,
656 2738 680 2795 si
702 2736 788 2796 illum
807 2737 924 2796 assidue
948 2743 1062 2809 portare
1105 2745 1200 2816 rium
1229 2747 1359 2818 audistis,
1386 2750 1458 2822 quja
1484 2747 1599 2810 creatos
1626 2750 1795 2824 angelorum
1818 2744 1925 2818 dignatus
1986 2761 1987 2772 ,

203 2832 372 2893 studeamus
395 2830 426 2887 in
449 2833 554 2886 mente.
574 2825 737 2884 Mirabilius
758 2824 876 2899 quidem
898 2824 953 2885 luit
976 2823 1062 2883 Chri·
1103 2841 1146 2892 esc
1165 2838 1316 2910 propagari
1341 2839 1377 2897 de
1405 2838 1493 2915 stirpe
1519 2842 1708 2912 moratium
1736 2837 1853 2904 audistis,
1873 2831 1924 2907 qua
1986 2845 1987 2874 t

201 2929 280 2982 stum
302 2915 414 2992 concipi
435 2916 466 2975 in
493 2914 580 2975 vnlra
598 2912 706 2985 carnis;
729 2912 778 2972 sed
797 2928 857 2972 uon
877 2918 919 2971 est
937 2912 1061 2971 interius
1103 2938 1226 2997 proavos
1247 2924 1352 2984 habere
1376 2932 1419 2986 est
1442 2926 1579 3002 dignatus
1603 2931 1637 2988 111
1662 2930 1745 2990 griis
1766 2926 1814 3003 qui
1837 2924 1889 2983 tous
1906 2923 1926 2977 et
1986 2971 1987 2976 ,

197 3013 227 3072 si
259 3010 405 3070 deleratur
437 3005 468 3066 in
497 3004 642 3098 ergastulo
672 3005 803 3079 pectoris.
834 3003 916 3063 Unde
948 3008 977 3062 et
1009 3018 1061 3076 per
1103 3011 1183 3084 origo
1208 3014 1339 3073 omnium
1365 3028 1465 3075 rerum
1484 3018 1552 3090 jum
1572 3019 1720 3093 gubernat
1743 3019 1772 3077 jn
1796 3010 1871 3073 gerg
1890 3006 1927 3065 ap

201 3102 343 3162 loannem
366 3102 504 3167 testatur,
523 3093 641 3153 dicens:
661 3116 672 3146 ι
688 3093 748 3167 Ego
767 3099 810 3153 sto
830 3092 867 3151 ad
881 3091 1005 3164 ostium,
1032 3097 1060 3150 et
1071 3101 1180 3184 Gentm
1201 3101 1301 3161 beatus
1318 3100 1388 3160 231
1408 3107 1611 3181 evangelista:
1631 3133 1643 3160 .
1662 3109 1751 3169 Liber
1768 3095 1928 3180 generationis

200 3192 300 3268 pulso;
319 3189 344 3248 si
366 3188 433 3263 quis
453 3184 599 3261 aperuerit
616 3183 708 3255 mibi,
724 3183 838 3243 intrabo
860 3183 897 3242 ad
915 3183 1010 3252 illum,
1031 3189 1061 3242 et
1100 3189 1169 3249 Jesu
1184 3190 1288 3249 Christi
1306 3191 1361 3252 bnt
1375 3194 1478 3267 David,
1494 3195 1550 3254 lilii
1568 3195 1721 3257 Abraham
1736 3195 1838 3267 (Metti.
1851 3194 1900 3256 rt.»
1986 3231 1987 3234 ,

199 3275 472 3345 coenabocunilln
486 3273 588 3356 etipse
602 3273 902 3345 accommodari.
920 3293 931 3323 ι
1138 3277 1194 3337 sed
1213 3280 1406 3353 adanorum
1427 3282 1476 3341 nic
1496 3282 1611 3343 videtur
1629 3300 1685 3344 cur
1710 3290 1751 3342 aa
1769 3289 1870 3356 patrm
1886 3286 1928 3330 nu·

239 3363 503 3427 accusandum
528 3378 595 3423 vero
620 3362 691 3438 quia
714 3362 795 3435 prius
819 3377 850 3420 se
875 3368 1060 3420 coenaturum
1101 3382 1213 3426 merosa
1237 3368 1327 3428 series
1355 3369 1567 3444 intermittitur,
1588 3381 1623 3433 ut
1650 3377 1756 3433 borum
1781 3360 1928 3429 solumnodo

200 3466 307 3532 narrat,
326 3454 431 3516 deinde
453 3469 567 3513 coeuam
590 3452 728 3512 daturum
746 3458 827 3527 grata
845 3452 906 3511 vice
928 3466 1059 3526 pronun·
1100 3455 1242 3526 duorum,
1270 3454 1361 3515 David
1395 3459 1504 3519 scilicet
1538 3451 1585 3519 et¹
1606 3462 1759 3521 Abrabam
1788 3455 1929 3526 adeunto
1986 3493 1987 3496 κ

200 3551 260 3610 tint.
285 3545 359 3618 Quia
384 3544 420 3603 de
447 3542 531 3616 cuius
560 3556 638 3601 nunc
662 3539 747 3599 bonis
765 3539 902 3615 operibus
922 3540 1058 3613 pascitur,
1100 3549 1197 3603 noster
1215 3545 1294 3604 lilius
1311 3562 1374 3606 esse
1392 3547 1526 3607 dicatur?
1541 3550 1599 3609 Cur
1615 3551 1702 3610 enim
1720 3549 1797 3608 lilius
1815 3540 1929 3610 [lacida

82 3685 88 3690 -
199 3655 267 3699 cunr
291 3652 325 3697 eo
345 3633 434 3695 simul
449 3629 633 3706 postmodum
654 3628 800 3688 inaetmni
823 3627 952 3687 convivii
975 3626 1059 3701 dapi-
1100 3647 1170 3692 mox
1189 3632 1268 3692 trtius
1286 3634 1446 3708 Abraham,
1462 3645 1491 3696 et
1511 3653 1570 3698 non
1593 3639 1696 3712 potius
1714 3626 1931 3703 attestante

149 3795 156 3806 ,
198 3729 254 3788 bus
271 3724 415 3801 epulatur.
438 3721 513 3780 Hinc
533 3720 641 3791 etiam,
660 3716 850 3789 dilectissimi,
871 3717 1059 3778 considerau-
1099 3720 1180 3780 tilius
1199 3719 1302 3794 Obcth,
1319 3722 1366 3782 rel
1384 3733 1556 3786 caeterorum
1570 3726 1713 3802 deinceps
1729 3729 1761 3786 in
1777 3722 1861 3784 medio
1872 3715 1931 3792 ped·

199 3817 271 3878 dum
303 3823 347 3875 est
380 3818 490 3888 quanta
524 3813 562 3869 sit
591 3807 717 3882 dignitas
747 3814 862 3879 nostra,
892 3813 1059 3882 quantaque
1102 3809 1221 3871 torum?

199 3907 282 3967 nobis
296 3905 333 3964 sit
349 3899 495 3978 proportio
509 3913 578 3958 cunr
596 3895 695 3955 Maria.
715 3894 851 3969 Concepit
864 3894 955 3954 Maria
970 3894 1059 3954 Chri·
1137 3897 1192 3959 Sed
1213 3901 1276 3962 baec
1290 3903 1413 3979 quatio
1432 3901 1515 3962 lacile
1531 3902 1670 3977 solvitur,
1684 3904 1711 3963 si
1733 3904 1804 3963 lacta
1819 3895 1934 3958 divinitus

195 4000 276 4053 stum
287 3992 317 4050 in
334 3988 423 4048 vulva
440 3987 546 4054 carnis,
564 3982 722 4043 deserimus
737 3989 765 4040 et
780 3996 833 4041 uos
847 3981 878 4039 iu
899 3981 1059 4042 viscoribus
1099 3990 1232 4066 uirisque
1256 3993 1410 4068 promissio
1435 4000 1609 4053 recensetur,
1636 3994 1764 4054 Abrahae
1788 3990 1882 4067 quippe
1898 3982 1933 4040 di·

200 4082 316 4143 mentis.
345 4074 502 4138 Reliciebat
531 4073 622 4132 Maria
648 4071 819 4142 Christum,
847 4086 914 4130 com
952 4072 1059 4131 teucris
1101 4079 1170 4138 vina
1194 4097 1263 4141 voce
1283 4082 1394 4142 dictum
1418 4088 1482 4142 est:
1500 4108 1514 4132 a
1530 4082 1564 4141 ln
1587 4084 1707 4143 seurine
1727 4091 1775 4143 tuo
1794 4076 1935 4139 benedicen-

201 4170 289 4230 tabris
317 4168 361 4225 lac
391 4162 567 4238 exprimeret
597 4160 722 4220 uberum
732 4180 742 4233 ;
770 4160 916 4220 reficimus
947 4167 976 4219 et
1005 4177 1060 4221 uos
1102 4175 1148 4228 tur
1161 4185 1263 4231 omnes
1277 4170 1370 4231 trihus
1387 4178 1472 4230 terras
1490 4173 1564 4244 (Cen.
1582 4175 1676 4245 xxti).
1692 4194 1707 4227 a
1721 4170 1801 4243 Quod
1815 4171 1935 4241 exponens

200 4258 289 4319 laniis
303 4257 445 4315 bonorum
459 4249 572 4309 deliciis
586 4262 717 4321 Operum·
1100 4261 1264 4334 Apostolus,
1284 4262 1344 4320 ait:
1363 4283 1378 4315 a
1397 4261 1460 4320 Non
1479 4261 1555 4320 dirit
1572 4261 1604 4320 in
1626 4263 1802 4332 seminibus,
1824 4253 1894 4332 onai
1913 4249 1934 4308 iu

236 4347 320 4407 Libet
338 4349 434 4403 autem
457 4355 547 4410 nuuc,
573 4335 764 4406 dilectissimi,
789 4351 841 4411 pro
868 4336 1060 4396 aedificatione
1100 4350 1216 4423 musti&
1239 4351 1288 4410 sed
1307 4351 1339 4410 jn
1358 4350 1471 4410 semine
1497 4357 1545 4410 tuo
1567 4366 1640 4422 uno,
1667 4351 1747 4427 quod
1769 4355 1811 4408 εει
1830 4343 1935 4406 carinas

201 4444 297 4498 nostra
323 4435 356 4493 in
380 4431 480 4506 regula
505 4429 615 4488 divinae
634 4425 756 4501 justitia
780 4440 938 4501 parumper
963 4427 1058 4487 radios
1099 4439 1173 4510 (Gal.
1190 4443 1239 4511 ur).
1254 4460 1268 4488 t)
1291 4437 1363 4508 Quia
1384 4440 1465 4499 enim
1487 4438 1639 4500 namnam
1659 4440 1760 4499 adhue
1774 4439 1805 4497 in
1824 4427 1936 4511 „mpla

199 4528 305 4588 mentis
322 4525 455 4599 inligare,
473 4528 502 4579 et
520 4518 645 4595 qualiter
659 4516 842 4590 omnipotens
860 4516 939 4576 Deus
953 4516 1058 4576 clectos
1101 4525 1210 4599 positus
1230 4526 1361 4600 eredidit,
1380 4535 1461 4602 pates
1481 4527 1628 4601 genuum3
1649 4528 1724 4604 quia
1747 4540 1813 4585 vero
1834 4525 1935 4597 postne

199 4636 269 4682 snos
289 4614 414 4692 deprimi
440 4609 633 4686 temporaliter
655 4609 746 4678 sintii,
773 4622 845 4683 (timi
867 4607 1005 4666 θΧίθΙΙθΡθ
1025 4608 1057 4666 in
1100 4615 1171 4674 dum
1190 4616 1307 4689 signum
1328 4616 1556 4676 circumcisionis
1575 4617 1703 4691 accepit,
1719 4624 1799 4691 pater
1814 4626 1869 4672 aas
1888 4619 1934 4665 nt·

199 4716 342 4768 amenum
367 4702 545 4771 decreverit,
573 4698 719 4771 indagare.
747 4696 783 4756 Ut
809 4698 888 4756 enim
918 4712 997 4755 nunc
1021 4697 1058 4755 de
1100 4705 1159 4763 mir
1180 4703 1367 4775 Judffi0f0m3
1391 4708 1420 4762 et
1438 4704 1509 4779 quia
1527 4704 1563 4763 de
1584 4705 1653 4777 (pus
1671 4706 1763 4778 geppe
1779 4703 1827 4760 1110
1843 4691 1935 4773 prodiit,

199 4796 311 4857 caeteris
329 4794 441 4864 sileam,
458 4792 521 4848 haec
540 4789 640 4847 eadam
660 4786 825 4846 beatissIma
842 4785 948 4860 Virgo,
971 4786 1058 4859 cuius
1100 4808 1151 4865 per
1164 4809 1250 4868 quern
1265 4791 1426 4851 benedictio
1445 4793 1576 4854 redditur
1586 4793 1662 4853 olim
1685 4793 1843 4853 maledicta
1855 4795 1934 4845 terret

200 4886 368 4946 hodiernam
389 4879 567 4939 nativitatem
587 4876 692 4935 debitis
709 4891 882 4934 veneramur
898 4874 1056 4950 obsequiis,
1099 4882 1205 4942 idcirco
1227 4883 1258 4940 in
1282 4884 1394 4941 semine
1414 4885 1477 4957 ejus
1503 4883 1725 4945 magicumne
1746 4896 1843 4942 0120oe
1863 4873 1937 4934 tribus

198 4982 265 5035 ante
288 4969 524 5032 corratitutiouem
546 4964 649 5025 muudi
672 4965 704 5023 iu
724 4963 845 5022 consilio
872 4972 989 5023 aeterum
1014 4981 1057 5024 sa·
1101 4976 1183 5029 terrae
1215 4970 1307 5029 David
1330 4987 1397 5031 vero
1419 4971 1528 5031 dictum
1555 4979 1617 5031 ose:
1643 4972 1718 5032 «De
1741 4972 1834 5030 fructu
1852 4957 1939 5026 moab

199 5062 317 5139 pientia
344 5061 435 5119 electa
458 5066 486 5117 et
512 5055 672 5131 praeelecta,
698 5054 765 5113 licet
789 5054 824 5113 de
853 5056 939 5128 regali
969 5054 1058 5115 luerit
1101 5058 1142 5117 tui
1162 5073 1267 5132 ponam
1289 5075 1376 5134 super
1397 5060 1494 5119 sedem
1518 5075 1613 5119 meam
1633 5064 1726 5128 (Psoi.
1740 5058 1841 5127 cxxx).
1856 5077 1867 5103 ·
1882 5045 1939 5118 Olli

199 5153 288 5225 stirpe
315 5145 474 5223 progenita,
505 5144 586 5203 nulla
618 5149 714 5200 tarnen
743 5140 881 5200 hnmana
909 5143 1057 5216 dignitatis
1099 5148 1187 5219 igitur
1216 5146 1262 5206 his
1289 5147 1404 5206 duobus
1434 5147 1594 5222 specialiter
1619 5155 1667 5208 est
1695 5149 1869 5225 promissus,
1894 5147 1939 5194 11⁰⁰

199 5239 352 5300 altitudine
369 5237 476 5300 deruit.
492 5235 583 5295 nullis
598 5250 698 5295 rurum
720 5234 921 5309 temporalium
946 5235 1057 5294 divitiis
1099 5236 1244 5296 immerito
1273 5237 1425 5311 utriusque
1454 5236 1599 5311 praecipue
1635 5238 1721 5298 lilius
1760 5251 1821 5296 esse
1852 5224 1941 5288 dieitur

199 5327 367 5388 abundavit.
396 5324 575 5399 Praesnpinm
599 5323 706 5398 quippe
728 5322 916 5396 parturientis
935 5322 1055 5398 indicat,
1098 5327 1242 5389 Christus,

1985 4463 1988 4562 l

1985 4655 1988 4766 l

199 5421 268 5494 quia
294 5415 506 5484 diversorium,
535 5413 567 5469 in
598 5425 656 5486 quo
684 5414 817 5498 pareret,
847 5427 906 5469 non
933 5410 1057 5470 babebat
1135 5414 1190 5475 Sed
1206 5423 1234 5475 et
1251 5413 1325 5474 illud
1340 5413 1550 5489 inquirendum
1571 5420 1616 5473 est
1636 5431 1694 5475 cur
1717 5413 1811 5476 David
1835 5403 1941 5469 Ababa
1986 5463 1987 5472 ,

199 5513 274 5585 (Luc.
287 5509 328 5580 nl.
352 5504 451 5565 Solent
468 5510 567 5564 autem
583 5501 726 5574 homines,
743 5501 929 5562 nascentibus
947 5501 1054 5575 pueris,
1098 5502 1129 5562 in
1156 5502 1263 5563 Christi
1286 5502 1469 5577 generatione
1496 5502 1695 5578 praeponitur,
1724 5519 1793 5564 curn
1816 5495 1942 5562 librabat1

196 5596 289 5662 futuri
306 5610 456 5657 successus
480 5592 546 5652 lanta
564 5593 740 5668 promittere,
764 5597 794 5652 ot
811 5606 849 5652 ex
873 5606 975 5652 eorum
999 5606 1055 5650 au·
1099 5594 1267 5654 multoarrte
1280 5608 1349 5653 eum
1365 5600 1489 5668 tempore
1501 5593 1590 5653 luisse
1604 5608 1670 5652 non
1683 5589 1855 5656 dubitaturi
