4100 6209
233 206 309 266 87

1155 201 1213 262 S.
1258 197 1549 263 PETRUS
1587 193 1982 259 DAMIANUS
2023 200 2082 261 S.
2125 201 2194 263 R.
2236 203 2303 263 Ε.
2347 204 2828 271 GARDINALIS.

3675 215 3747 273 88

240 331 523 394 Damiauo
568 331 918 405 subrogatus
962 327 1216 405 legitur:
1247 325 1387 386 huic
1430 336 1568 383 vero
1608 335 1762 380 anno
1812 322 1952 382 1105
1970 325 2438 405 Arundamento,
2494 330 2774 393 adversus
2829 338 2943 395 tam
2999 332 3344 410 multiplicis
3386 332 3749 397 discriminis

238 421 314 482 ad
342 421 736 497 episcopatum
769 416 1147 495 Eugubinum
1178 419 1462 494 promoto,
1493 410 1701 471 Petrus
1728 409 1952 470 Arimi·
2036 426 2381 492 argumenta
2406 418 2671 497 allegato,
2786 421 2802 431 '

242 514 444 576 nensis
493 514 556 575 in
610 513 868 589 prioratu
919 507 1211 580 successit,
1272 512 1391 566 tum
1444 519 1600 564 anno
1674 501 1833 575 1110,
1864 500 1956 561 Li·

243 603 503 681 prandus
550 601 720 663 Petro
751 603 1031 662 suffectus
1068 602 1173 671 est,
1203 597 1373 672 quus
1420 600 1573 653 nutu
1624 596 1957 666 susceptum

245 698 332 755 est
356 709 392 752 a
417 690 640 752 Joanne
683 690 951 751 Damiani
976 685 1260 761 discipulo
1302 682 1617 743 consilium
1644 681 1793 742 Vitae
1832 697 1960 741 san·

246 785 324 845 cti
371 782 620 844 doctoris
663 778 1109 848 conscribendas,
1166 774 1394 851 ipsique
1442 770 1736 847 Liprando
1777 770 1958 847 priori

247 872 617 944 dedicandae;
671 885 804 930 cum
849 868 1029 942 igitur
1075 864 1136 927 S.
1164 864 1419 924 Joannes
1462 860 1783 922 Laudensis
1827 875 1962 935 qua·

247 961 517 1022 driennio
549 963 684 1020 ante
723 954 1088 1016 mortalitatis
1130 951 1379 1013 exuvias
1409 950 1788 1026 deposuisset,
1820 964 1958 1009 con-

249 1035 361 1114 stat
411 1051 580 1124 longe
626 1048 925 1108 diversum
973 1060 1098 1105 esse
1139 1042 1423 1104 Joannem
1450 1041 1601 1101 Vitae
1655 1040 1809 1101 Petri
1851 1040 1963 1100 Da·

250 1140 436 1203 miani
492 1139 825 1213 scriptorem
875 1153 909 1196 a
964 1134 1024 1195 S.
1074 1135 1298 1195 Joanne
1351 1131 1646 1193 Laudensi
1701 1130 1965 1206 episcopo

251 1229 584 1305 Eugubino.
612 1226 776 1300 Quod
818 1226 869 1285 si
908 1225 1079 1286 etiam
1129 1221 1394 1283 Jacobilli
1431 1220 1719 1281 calculum
1758 1234 1964 1295 seque-

252 1335 479 1393 remur,
533 1318 636 1393 qui
691 1315 1053 1393 Liprandum
1113 1311 1329 1372 alicubi
1382 1309 1582 1370 scribit
1640 1309 1969 1370 immediate

250 1408 460 1471 Joanni
490 1406 781 1467 Laudensi
807 1407 868 1462 in
897 1406 1155 1480 prioratu
1193 1398 1555 1470 successisse,
1594 1397 1797 1473 liquet,
1835 1396 1972 1457 huic

248 1501 368 1576 jam
396 1499 661 1571 episcopa
701 1499 865 1565 sazau,
897 1500 954 1554 et
975 1509 1078 1568 per
1107 1506 1354 1562 annum,
1387 1505 1454 1549 ac
1489 1503 1706 1563 paucos
1744 1502 1970 1547 menses

253 1591 564 1663 superstiti,
601 1607 709 1643 {mn
757 1583 1005 1659 [nituisse
1047 1583 1121 1641 ab
1163 1579 1264 1640 illo
1310 1578 1459 1640 vitae
1500 1578 1653 1638 Petri
1699 1576 1970 1639 Damiani

252 1679 641 1751 rmnpllandm
673 1672 1032 1751 prm‘inciam
1062 1669 1310 1746 injungi.

328 1767 480 1827 :tlt-2
512 1767 697 1835 Allata,
737 1763 885 1839 qimi]
927 1760 1232 1835 utriusque
1267 1758 1510 1818 Joannis
1545 1756 1857 1817 discrimen
1895 1770 1973 1816 ex

253 1855 480 1916 diversa
536 1855 741 1927 patriai„
797 1855 1138 1924 diversoque
1190 1847 1393 1908 mortis
1450 1853 1705 1922 tempore
1745 1843 1972 1920 colligi-

254 1951 392 2007 tur:
440 1947 665 2003 tranium
717 1956 921 2015 nrum-e
970 1939 1299 2015 scriptoreS,
1346 1937 1632 1998 Joannem
1669 1936 1823 1996 Petri
1860 1935 1976 1996 Da·-

254 2039 440 2098 miani
488 2035 869 2111 Ἰτᾶέξεε-,ῑῃηῑικινι,
905 2032 1147 2109 ejusque
1196 2030 1346 2090 vitae
1394 2029 1753 2104 scriptorem,
1790 2027 1976 2101 ipsius

254 2131 428 2189 etiam
472 2127 789 2195 sxsuittirrm,
825 2138 1031 2197 nempe
1054 2122 1458 2182 Ravennatem
1487 2119 1689 2189 fuisse,
1723 2118 1980 2179 Joannes

253 2227 444 2277 auten]
504 2219 853 2287 litigabitius
905 2211 1230 2287 episcopus,
1283 2209 1471 2285 patria
1526 2207 1866 2274 Laudensis,
1916 2206 1979 2266 in

252 2307 544 2375 insubria,
580 2323 689 2362 nnn
737 2307 793 2359 itt
845 2300 1082 2360 AEmilia
1120 2304 1294 2357 natus
1343 2304 1446 2357 est.
1477 2298 1586 2357 Ille
1624 2297 1863 2373 quidem
1915 2297 1979 2355 in

256 2395 584 2457 calendar-in
649 2395 946 2451 attalanae
996 2387 1209 2448 obiisse
1275 2391 1506 2446 notatur
1569 2384 1665 2444 die
1720 2383 1790 2443 ‘26
1844 2383 1983 2444 Maii

263 2487 420 2550 1115.
452 2487 560 2543 iiic
617 2503 753 2539 rem
809 2483 990 2540 [laum
1034 2478 1178 2538 adiit
1214 2476 1309 2538 die
1346 2477 1382 2537 2
1413 2475 1770 2551 Septembris
1820 2475 1976 2536 1106.

257 2579 364 2639 Ill-e
404 2575 556 2651 apud
597 2571 897 2631 :irritatum
932 2583 1221 2639 eremum,
1259 2568 1355 2628 hic
1388 2567 1542 2643 apud
1593 2565 1979 2626 cathedralem

264 2667 512 2739 Eugnbii
544 2683 556 2735 g
605 2663 697 2723 ille
737 2663 993 2735 privatus
1026 2658 1366 2729 monacltuS,
1401 2656 1499 2715 hic
1535 2670 1612 2714 ex
1644 2653 1838 2730 priore
1868 2654 1985 2728 epi-

264 2771 492 2831 seopus.
532 2755 633 2811 lile
681 2751 918 2827 quidem
965 2747 1163 2823 aliqua
1201 2744 1602 2807 sanctimoniae
1638 2743 1811 2805 laude
1842 2744 1983 2805 insi·

263 2851 416 2923 guis.
452 2847 544 2903 5⁴:21]
593 2863 781 2915 neque
821 2840 1024 2912 sancti,
1064 2855 1256 2916 neque
1294 2837 1444 2898 beati
1482 2836 1801 2912 aliquando
1839 2835 1979 2896 titu-

263 2938 388 2999 lum
420 2939 661 3011 adeptus
689 2955 697 3003 ;
737 2935 829 2991 llic
861 2947 998 2992 vero
1027 2929 1227 2993 multis
1266 2934 1393 3006 post
1423 2929 1649 2991 obitum
1682 2927 1982 2988 miraculis

2109 506 2235 567 XV.
2282 510 2477 585 Atque
2517 510 2644 570 liaec
2683 527 2715 571 e
2755 510 2957 572 multis
2999 528 3064 571 m
3111 511 3510 573 Laderchiana
3553 513 3752 575 Histo-

2040 597 2127 657 ria
2168 596 2472 659 adnotasse
2510 600 2777 674 sufficiat,
2805 601 2938 662 aliis
2975 602 3131 662 enim
3171 603 3350 672 curis.
3382 603 3457 663 ab
3485 603 3596 663 boc
3626 610 3753 664 stu-

2040 683 2273 745 diorum
2325 702 2538 761 genere
2589 705 2682 749 me
2737 689 3026 766 potentius
3081 691 3476 765 avocantibus,
3552 693 3758 753 cedere

2041 788 2231 847 cogor.
2267 773 2332 836 Si
2362 775 2685 840 desiderato
2724 794 2933 839 rursus
2967 778 3084 839 otio
3113 779 3235 840 frui
3270 778 3585 856 aliquando
3616 780 3757 842 lice-

2042 862 2147 935 bit,
2198 868 2372 940 atque
2424 865 2637 929 iterum
2712 866 3065 927 Laderchius
3116 867 3238 943 ipse
3295 867 3544 944 lapidem
3597 869 3762 931 hunc

2044 967 2277 1012 versare
2306 955 2568 1029 jusserit,
2595 957 2657 1015 in
2692 956 2805 1030 bis,
2835 971 2970 1032 quae
3010 971 3168 1017 nunc
3208 958 3617 1034 praetermissa,
3656 966 3762 1021 aut

2044 1042 2303 1117 neglecta
2345 1043 2528 1116 volui,
2556 1047 2897 1122 supplendis
2933 1063 3166 1123 operam
3208 1063 3400 1108 meam
3443 1048 3762 1112 desiderari

2045 1147 2165 1193 non
2215 1134 2418 1211 patiar.
2480 1135 2660 1211 AEqui
2713 1135 2967 1212 bonique
3023 1136 3314 1211 consulat,
3371 1153 3540 1213 rogo,
3593 1139 3767 1200 lucu-

2046 1222 2373 1283 brationem
2418 1225 2570 1285 hanc
2612 1225 2676 1286 P.
2728 1225 3101 1298 LadercliiuS,
3143 1241 3321 1304 quam
3375 1226 3636 1287 veritatis
3680 1243 3771 1288 ze-

2049 1310 2163 1382 lus,
2217 1317 2274 1372 et
2309 1314 2630 1374 amicorum
2673 1314 2915 1376 consilia
2951 1330 2987 1374 a
3032 1329 3127 1373 me
3172 1314 3576 1389 impetrarunt,
3612 1331 3768 1392 proe-

2054 1398 2253 1461 sertim
2282 1416 2419 1462 cum
2449 1402 2613 1463 illam
2644 1419 2760 1464 non
2790 1403 2993 1476 livido,
3024 1410 3080 1463 et
3102 1418 3327 1476 averso,
3360 1404 3460 1463 sed
3496 1404 3765 1479 candido,

2052 1498 2108 1550 et
2149 1491 2337 1552 amico
2381 1494 2580 1554 animo
2626 1494 2895 1569 scriptam
2944 1494 3226 1567 inveniat,
3257 1509 3367 1553 nec
3390 1510 3506 1554 non
3534 1494 3609 1554 ab
3636 1510 3768 1556 om-

2052 1582 2227 1643 nibus
2267 1582 2386 1643 illis
2427 1584 2641 1644 amaris
2678 1585 2829 1661 jocis
2876 1583 3151 1657 alienam,
3201 1583 3420 1659 quibus
3470 1584 3666 1660 Seiani
3713 1591 3769 1645 et

1987 1703 2036 1764 B
2055 1670 2257 1732 Rutini
2289 1672 2569 1748 Dialogus
2599 1680 2793 1745 scatet,
2821 1681 2996 1751 atque
3024 1672 3503 1749 intemperantius
3551 1672 3770 1735 redun-

2056 1762 2155 1822 dat
2217 1781 2231 1821 :
2290 1762 2437 1846 quid
2484 1765 2643 1823 enim
2688 1763 2966 1824 conviciis
3013 1779 3162 1838 opus
3216 1767 3302 1822 est
3349 1763 3422 1823 ad
3472 1764 3774 1825 veritatem

2059 1852 2467 1912 vindicandam
2487 1862 2511 1911 ?
2535 1854 2612 1913 At
2638 1852 2959 1928 dialogistae
2994 1852 3087 1913 illi
3128 1854 3364 1913 sortasse
3392 1852 3774 1927 parcendum,

2060 1943 2165 2018 qui
2205 1943 2279 2014 (si
2314 1943 2455 2019 quid
2497 1943 2844 2019 conjecturis
2886 1944 3279 2020 assequimur)
3305 1949 3407 2003 aut
3437 1943 3488 2002 is
3517 1942 3640 2019 ipse
3667 1947 3775 2015 est,

2060 2037 2162 2092 aut
2190 2047 2264 2091 ex
2295 2046 2363 2091 ea
2392 2033 2607 2109 prodiit
2635 2033 2850 2108 scbola,
2885 2034 3055 2109 quus
3094 2032 3438 2108 magistrum
3474 2032 3632 2107 prior
3662 2032 3776 2091 La-

2060 2121 2336 2183 dercbius
2403 2128 2542 2183 tom.
2596 2123 2699 2196 111,
2759 2140 2890 2199 pag.
2954 2123 3057 2182 315
3110 2130 3167 2181 et
3219 2121 3347 2193 323,
3406 2121 3780 2181 acerbissime

2064 2211 2479 2282 exagitaverat.
2532 2212 2735 2271 Causas
2784 2228 2922 2272 vero
2970 2218 3185 2272 nostrae-
3237 2212 3409 2286 longe
3454 2211 3652 2286 dispar
3692 2219 3781 2273 est

2064 2300 2227 2369 ratio,
2281 2299 2639 2374 proindeque
2691 2306 2749 2361 et
2800 2300 3001 2361 mitior
3053 2307 3139 2361 est
3191 2301 3439 2372 indoles,
3513 2299 3778 2376 quandiu

2064 2388 2284 2449 scilicet
2314 2388 2732 2448 sententiarum
2765 2390 3071 2461 duntaxat,
3104 2404 3225 2450 non
3256 2389 3627 2449 voluntatum
3658 2389 3775 2449 dis-

2066 2476 2333 2538 sensione
2363 2475 2773 2549 discrepamus.
2810 2477 3046 2538 Utinam
3086 2477 3211 2537 haec
3240 2477 3313 2537 ad
3344 2478 3605 2537 veritatis
3641 2477 3781 2538 illu-

2065 2568 2426 2637 strationem,
2490 2572 2661 2642 atque
2713 2566 2919 2626 eximii
2980 2567 3227 2628 doctoris
3280 2566 3462 2627 Ps'rm
3514 2566 3782 2628 Damam

2067 2658 2330 2733 gloriam,
2362 2656 2530 2716 nobis
2576 2658 2641 2716 in
2695 2658 2803 2717 bac
2848 2656 3251 2717 dissertatione
3299 2658 3474 2718 unice
3520 2659 3784 2732 proposi-

2064 2755 2205 2823 tam,
2234 2748 2468 2819 cedant;
2503 2763 2609 2807 nec
2631 2748 2862 2823 jurgiis,
2891 2763 2925 2807 a
2955 2748 3170 2822 quibus
3222 2763 3450 2822 semper
3473 2748 3779 2820 abhorrui,

2064 2853 2172 2897 nec
2224 2836 2616 2909 contumeliiS,
2643 2851 2677 2895 a
2706 2834 2922 2911 quibus
2949 2836 3229 2896 hactenus
3270 2835 3551 2907 abstinui,
3581 2851 3785 2895 ansam

2061 2927 2242 2988 ullam
2271 2926 2604 2985 ministrent
2635 2949 2649 2985 z
2680 2941 2838 3000 quae,
2868 2931 2932 2986 ut
2963 2941 3230 2985 meorum
3259 2939 3491 2985 summa
3515 2930 3786 2985 votorum

263 3027 476 3091 clarus,
508 3043 536 3083 a
593 3023 845 3083 ibis-clm'li
901 3021 954 3082 11
1001 3023 1335 3081 sanctorum
1381 3016 1640 3093 catalogo
1678 3024 1764 3078 est
1799 3017 1980 3076 ascri-
2068 3024 2174 3089 est,
2200 3016 2282 3075 ita
2315 3014 2552 3075 cuilibet
2593 3029 2821 3073 mecum
2874 3013 3190 3089 disputanti
3234 3013 3356 3072 fixa
3391 3013 3486 3084 sit,
3537 3020 3594 3071 et
3641 3019 3785 3086 rata,

263 3123 416 3190 ptus.
452 3115 576 3171 Nan
625 3115 797 3187 igitur
837 3119 1080 3185 uterque
1114 3108 1368 3169 Joannes
1408 3123 1443 3167 a
1481 3107 1802 3167 Laderchio
1841 3068 2047 3166 con-C
2069 3101 2334 3162 desidero
2369 3122 2381 3161 :
2416 3109 2706 3179 quatenus
2730 3103 3010 3177 utrinque
3034 3102 3268 3178 pariter,
3306 3126 3327 3155 ι
3360 3100 3582 3177 absque
3602 3116 3791 3175 perso-

266 3203 436 3263 fuudi
508 3203 801 3275 deitassui,
869 3199 1034 3261 nullo
1091 3198 1414 3275 praesertim
1469 3198 1805 3260 assertionis
1857 3210 1984 3256 suas

2069 3210 2282 3256 narum
2300 3194 2440 3270 praej
2450 3193 2680 3269 udiciis,
2700 3193 2959 3254 veritatis
2979 3191 3319 3269 praejudicia
3348 3190 3777 3252 vindicentur.-

873 3655 1701 3771 GODEFRIDI
1811 3645 2747 3768 HENSGHENII
2855 3645 2969 3762 S.
3072 3645 3185 3760 J.

1498 3890 1614 3963 DE
1668 3891 1752 3964 B.
1809 3886 2099 3963 PETRO
2152 3883 2564 3964 DAMtANO

1093 4075 2211 4200 COMMENTARIUS
2311 4078 2984 4193 PRAEVIUS.

1326 4309 1452 4394 (Εω
1479 4308 1824 4374 Februario
1854 4306 2320 4383 Bollandiam,
2354 4305 2470 4371 sub
2497 4306 2603 4371 die
2638 4303 2769 4387 33.)

1104 4684 1213 4761 §1-

297 4802 524 4858 Eremus
553 4800 777 4856 'sanctu
859 4795 1047 4854 Graccis
1096 4792 1284 4850 Fontis
1364 4792 1625 4849 Asellam·
1683 4793 1743 4846 in
1795 4790 2013 4846 dioecesi

367 4888 660 4961 anubina
738 4885 926 4945 ordini
1002 4882 1411 4942 camaldulensi
1505 4881 1794 4954 adjuncta.
1848 4883 2009 4939 Illius

369 4984 703 5047 institutum,
791 4980 1216 5044 incrementum3
1307 4974 1561 5031 monachi
1645 4975 1825 5031 sancti
1909 4972 2010 5028 sub

371 5071 438 5129 Β.
466 5070 623 5126 Petro
639 5072 931 5127 numiano.

377 5196 426 5253 1.
460 5194 770 5264 Inquvium,
822 5190 948 5251 sive
990 5193 1263 5263 leuviam,
1315 5185 1574 5248 Umbria)
1616 5184 1699 5243 cis
1749 5181 2012 5259 Apenni-

306 5301 450 5349 num
493 5282 772 5361 oppidum
808 5283 872 5342 in
919 5281 1061 5357 ipsis
1108 5280 1397 5343 montium
1439 5275 1751 5349 radicibuS,
1802 5275 2015 5335 Caesari

303 5372 570 5436 l.1Belli
609 5370 823 5446 civilis,
853 5368 1117 5431 Ciceroni
1165 5371 1205 5431 l.
1257 5381 1363 5442 vn,
1419 5364 1492 5427 ad
1540 5364 1797 5427 Atticum
1845 5364 2011 5440 epist.

308 5465 397 5538 13,
428 5461 572 5537 Silio
604 5462 803 5524 Italico
831 5460 873 5523 1.
906 5470 1035 5533 vm,
1063 5459 1314 5536 aliisque
1340 5458 1601 5533 antiquis
1641 5453 2016 5532 scriptoribus

311 5563 535 5629 notum,
593 5554 767 5616 hodie
825 5551 1158 5623 suentium,
1210 5549 1371 5611 Italis
1420 5549 1630 5607 Gubbio
1684 5554 1737 5606 et
1796 5546 2015 5617 Apubio

2024 4646 2076 4707 D
2092 4640 2309 4702 dicitur
2340 4658 2354 4697 :
2385 4638 2539 4716 quod
2574 4645 2763 4699 tamen
2790 4650 2867 4696 ex
2894 4636 3107 4697 vicinis
3142 4634 3373 4710 antiqui
3398 4633 3595 4712 oppidi
3627 4635 3802 4697 rude·

2094 4732 2281 4804 ribus,
2333 4735 2460 4806 post
2509 4728 2890 4789 barbarorum
2938 4726 3000 4786 in
3052 4723 3275 4785 Italiam
3336 4724 3807 4798 inundationem,

2094 4825 2481 4881 restauratum
2517 4818 2741 4879 volunt.
2784 4815 2963 4879 Sedes
3013 4812 3136 4875 illic
3177 4814 3321 4875 olim
3367 4820 3555 4875 erecta
3598 4814 3814 4889 episco-

2094 4910 2261 4987 palis,
2316 4910 2414 4971 cui
2452 4907 2667 4967 saeculo
2712 4906 2925 4967 Christi
2974 4904 3289 4965 undecimo
3330 4905 3527 4981 plures
3569 4903 3816 4980 prael'ue·

2095 5006 2257 5074 runt,
2311 4996 2594 5071 assumpti
2645 5011 2678 5056 e
2729 4996 3080 5057 monasterio
3133 4997 3319 5054 Eremi
3372 5001 3575 5054 sancte
3624 4995 3816 5053 Crucis

2094 5091 2282 5148 Fontis
2327 5089 2609 5153 Avellani,
2642 5087 2766 5147 sive
2806 5088 3091 5145 Avellanae
3122 5106 3135 5145 z
3167 5083 3320 5162 quod
3370 5083 3637 5144 millibus
3683 5097 3817 5159 pas·

2097 5195 2272 5241 suum
2344 5176 2780 5251 quatuordecim
2833 5193 2870 5236 a
2923 5177 3154 5236 civitate
3222 5173 3540 5248 Eugubina
3618 5171 3814 5242 distat,

2094 5268 2274 5330 situm
2312 5266 2375 5327 in
2414 5264 2709 5327 radicibus
2756 5265 2972 5327 montis
3014 5264 3220 5326 Gatriae
3262 5277 3465 5322 versus
3506 5260 3814 5335 orientem,

2097 5359 2185 5421 uti
2212 5358 2335 5420 illic
2364 5374 2496 5435 pars
2524 5357 2820 5434 Apennini
2860 5357 3183 5434 appellatur
3214 5356 3277 5414 in
3314 5353 3601 5414 Chronico
3632 5350 3817 5413 Gual-

2097 5449 2283 5523 densi,
2337 5448 2567 5524 antiqui
2621 5448 2937 5524 scriptoris,
2983 5453 3039 5506 et
3084 5445 3158 5505 ab
3203 5458 3501 5519 anonymo
3550 5442 3814 5524 ejusdem

2097 5540 2208 5602 loci
2273 5538 2511 5600 eremita
2582 5537 2736 5615 apud
2815 5536 3175 5611 uajetanum,
3230 5534 3292 5593 in
3349 5531 3691 5607 praefatione
3739 5530 3813 5591 ad
