4100 6209
189 357 243 413 ιω
806 340 907 399 timii
925 339 1116 408 SECUNDUS,
1134 339 1244 398 EPlST.
1260 338 1292 394 ll.
1761 337 1814 398 ’ὦ

189 478 252 528 eat:
269 485 279 520 r
295 466 400 523 imino
422 463 490 519 indii
507 468 586 518 mdes
599 466 655 524 est,
674 466 750 514 terra
765 465 855 514 eutem
874 455 976 514 reabel
988 461 1015 520 Α
1027 453 1164 509 centoris
1184 453 1226 508 sui
1240 451 1302 508 lune
1313 447 1545 521 pensionemque
1568 448 1742 507 vernantibus
1755 453 1813 507 rir-

190 560 246 616 leiii
259 556 357 626 pedum
369 566 494 608 meorum
508 547 577 622 (liu.
592 547 689 619 rxrr);
706 566 720 599 s
733 546 806 616 quod
828 546 858 600 in
870 545 977 600 illorum
1031 551 1118 599 tntirni
1133 535 1315 614 spiritualium
1329 538 1498 612 germinibus
1510 540 1663 606 decoretur,
1677 554 1758 611 quani
1769 543 1812 600 ile

190 646 347 707 eruditione
365 658 418 698 nen
440 640 550 705 dieitur.
569 639 597 695 ie
611 637 668 695 sola
686 636 806 694 bominis
825 635 980 692 uondiiieiie
1030 631 1112 702 nique
1124 628 1184 687 ioris
1193 630 1332 700 sapientie
1340 627 1533 699 profluentibns
1544 644 1578 683 ex
1590 638 1815 704 sequanorum·

189 730 516 807 morinummontem
529 728 692 798 mutrmpis
705 725 834 797 aomaqis
846 725 978 795 insignem
1030 721 1131 794 pinibus
1148 722 1254 794 irrigat,
1267 731 1349 790 atque
1358 717 1392 774 ad
1411 717 1735 798 proferendossbonorum
1753 737 1817 793 ope-

189 816 272 897 bujui
281 825 337 884 diei
346 816 859 896 ttupmailignitatenndieitboiipuire
870 833 880 871 s
892 814 979 883 eoois
1030 827 1091 868 iuni
1109 810 1214 867 tremos
1229 809 1348 866 erelestis
1367 808 1461 881 qratiie
1476 808 1586 864 niodore
1598 808 1725 866 seeundut
1739 829 1746 867 ε
1758 812 1818 871 liure

190 915 332 974 benedixit
345 913 419 968 lieu
431 911 484 967 diei
494 909 621 981 mpdnro.
640 915 671 964 et
691 904 871 962 mmddesrii
892 903 979 972 illurn,
1030 900 1214 973 proculdubio
1232 897 1386 971 paradisus,
1397 901 1456 957 bene
1473 909 1515 956 est
1536 899 1631 956 hortus
1646 899 1819 972 edicturum.

190 1006 256 1077 quis
271 1004 299 1059 in
312 1003 371 1073 ipso
383 1007 537 1057 nessareraii
554 998 592 1054 eb
604 997 732 1052 universo
743 1009 825 1066 opere
837 1008 888 1050 suo
900 992 980 1064 (Ges.
1030 993 1262 1063 dequoDoiuinus
1270 1007 1319 1064 per
1325 993 1421 1049 lsuinm
1428 993 1508 1048 dicit:
1519 1013 1528 1044 r
1539 994 1680 1051 Effundunt
1690 996 1818 1068 spiritum

189 1097 241 1169 iili
257 1116 268 1150 r
284 1093 398 1166 quodie
412 1089 624 1148 mersitonae
646 1087 745 1143 ieeisse
755 1083 831 1142 nullu
842 1084 922 1142 modo
934 1098 980 1141 re-
1030 1094 1120 1136 iiieuei
1132 1096 1213 1152 super
1224 1095 1318 1137 oemeu
1340 1091 1428 1148 tuum.
1446 1090 1475 1138 et
1491 1079 1706 1140 benedictionem
1728 1099 1820 1144 insani

191 1187 310 1259 pentum
321 1184 394 1254 Quid
410 1191 453 1240 est
474 1181 548 1238 eriirii
568 1179 625 1235 lieo
637 1176 786 1234 Sabbatum
799 1175 980 1241 omittere.
1030 1185 1113 1242 super
1135 1172 1248 1243 stirpem
1273 1181 1357 1237 inuiis,
1370 1181 1399 1228 et
1417 1163 1607 1245 perdurabunt
1625 1175 1697 1233 inter
1719 1177 1821 1236 berbss

190 1277 246 1335 nisi
266 1276 395 1344 tempium
408 1271 519 1329 siliimet
538 1270 565 1324 iu
588 1266 676 1324 sunm
695 1275 778 1337 atque
800 1263 913 1336 portenti
929 1262 981 1320 riri
1030 1259 1298 1334 quasisnlieesjuxta
1313 1262 1524 1334 preterfluentes
1538 1264 1700 1337 uquasilru.
1714 1266 1814 1340 strubi

192 1378 285 1424 inemo
306 1373 464 1422 eomirnere
475 1359 488 1415 i
498 1360 575 1417 Simt
587 1368 616 1415 et
628 1356 771 1429 Apostolus
781 1373 814 1411 :r
829 1353 981 1425 Templum,
1031 1352 1108 1409 Tune
1120 1353 1170 1419 iiii.
1185 1356 1256 1423 quod
1270 1369 1319 1424 per
1329 1354 1398 1412 bsee
1410 1356 1569 1427 prophetem
1581 1358 1759 1428 promittitur,
1775 1359 1818 1418 ei.

190 1461 244 1524 aie,
259 1458 316 1523 tini,
333 1456 405 1526 qood
416 1453 483 1511 ortis
495 1458 594 1517 sumet
614 1447 734 1521 spiritus
751 1454 863 1506 mutus
876 1443 983 1504 habitet
1031 1444 1349 1516 beneiterudirnplsinrzr
1364 1446 1418 1504 Ere
1431 1449 1509 1519 qussi
1522 1449 1819 1524 ros,lsruelqeriiiiua·

191 1550 312 1610 innubis
325 1547 352 1620 (1
365 1546 429 1603 Cur.
439 1543 493 1614 iri).
511 1562 524 1600 i
1031 1536 1073 1594 bit
1088 1535 1166 1606 quasi
1189 1534 1289 1602 lilium.
1300 1547 1329 1593 ei
1340 1548 1465 1609 eriiriipei
1481 1540 1558 1596 rnilir
1572 1541 1630 1611 ejus
1643 1552 1676 1600 ut
1698 1543 1821 1604 bibaris

225 1639 311 1697 Porro
322 1647 413 1696 autent
424 1636 496 1693 sieut
506 1631 670 1691 deSnbbito
680 1630 807 1696 domm,
825 1628 864 1684 ita
876 1640 988 1699 quoque
1032 1622 1109 1679 ibunt
1121 1625 1191 1680 ruini
1202 1623 1271 1695 ejus,
1285 1635 1313 1683 et
1332 1627 1385 1682 erit
1407 1628 1486 1700 quasi
1508 1628 1581 1686 olim
1604 1631 1689 1702 gloria
1711 1632 1783 1704 eius.
1793 1647 1823 1694 ei

190 1729 264 1788 ratio
288 1727 375 1800 eripit
396 1736 429 1781 ut
450 1724 485 1781 de
500 1722 603 1795 temno
616 1723 762 1787 dieamus.
779 1719 846 1791 quis
859 1726 889 1774 et
909 1718 982 1774 bem
1032 1713 1100 1770 odor
1113 1714 1172 1784 eins
1184 1726 1214 1772 nt
1226 1716 1332 1774 Libani.
1344 1717 1542 1776 Convertuntur
1553 1723 1711 1779 sedentesiri
1724 1728 1822 1784 umbra

153 1855 161 1870 r
195 1816 329 1889 ternplum
339 1815 467 1882 bominis,
479 1822 508 1871 et
524 1815 606 1870 borno
617 1820 662 1868 est
682 1809 814 1882 unpisn
828 1808 892 1874 bei3
914 1808 985 1864 siuet
997 1799 1022 1862 b
1034 1804 1110 1874 eiur3
1123 1807 1214 1863 virent
1237 1808 1339 1874 trition,
1355 1817 1384 1865 et
1407 1810 1596 1881 perueniunt
1620 1813 1699 1883 quasi
1719 1815 1797 1874 siner
1811 1834 1823 1884 ·,

192 1906 398 1980 iubpoealppsi
418 1904 660 1961 lotniiisdieitirr:
674 1920 685 1954 r
699 1900 841 1972 Templruu
854 1913 912 1956 uon
926 1898 982 1954 ridi
1033 1900 1191 1956 memoriale
1215 1899 1274 1971 ejus
1301 1901 1375 1958 siem
1399 1903 1492 1960 riuum
1515 1904 1612 1964 Libani
1624 1907 1699 1978 (Ore.
1719 1911 1788 1982 sir).
1809 1931 1822 1966 s

189 2001 279 2057 irrue.
295 1998 425 2055 Dominus
433 1989 510 2053 ‘euim
524 1996 595 2052 betis
615 1993 787 2063 omnipotens
800 1990 930 2060 tempium
949 1988 983 2046 ti·
1032 1988 1110 2046 liene
1123 1990 1206 2060 igitur
1222 1991 1349 2058 animem,
1362 1992 1432 2049 sieut
1450 1992 1484 2049 de
1497 1994 1616 2051 Sabbuto
1628 1996 1739 2070 legitur,
1751 2002 1824 2059 linus

189 2088 246 2143 niu
265 2094 321 2152 esi,
338 2094 366 2141 a
384 2099 473 2156 agnus
491 2083 583 2155 (Apus.
605 2080 702 2153 urps
727 2079 869 2149 Templum
891 2078 984 2148 iisque
1032 2076 1206 2149 omnipotens
1217 2078 1367 2134 mnodum
1379 2081 1563 2148 etbenedieit.
1578 2085 1644 2162 etin
1658 2101 1690 2142 ea
1703 2073 1822 2147 delectu·

191 2176 313 2234 bominis
326 2175 413 2242 beris,
427 2173 555 2244 templum
568 2172 617 2229 liei
630 2172 661 2228 tt
673 2172 762 2230 boeio.
785 2169 845 2228 bne
865 2169 985 2228 borsiinir
1032 2165 1123 2224 biliier
1133 2168 1288 2240 requiescit
1300 2167 1364 2225 llaee
1376 2171 1509 2240 siquidem
1522 2188 1586 2230 rere
1595 2171 1753 2247 Sabbatum
1766 2182 1825 2238 bue

192 2266 326 2338 templum
346 2265 498 2338 spiritualis
519 2271 563 2321 ost
587 2262 749 2333 paradisus,
775 2273 856 2318 ruens
881 2259 985 2316 seiliert
1033 2258 1174 2330 templum,
1187 2259 1244 2315 baee
1257 2261 1298 2316 sni
1311 2260 1447 2318 Creatoris
1460 2272 1503 2318 est
1512 2267 1706 2325 mimineriuui.

191 2363 299 2420 enisu,
321 2368 400 2410 mens
421 2352 554 2424 periente⁸
576 2365 653 2408 meris
666 2348 779 2414 munde.
797 2356 880 2420 atque
892 2347 926 2404 ail
941 2347 984 2404 siri
1068 2343 1257 2403 Porrosnteru
1275 2347 1345 2404 sieut
1358 2348 1505 2422 AEqyptum
1521 2355 1657 2423 pmeumit
1674 2357 1751 2430 plaga
1764 2375 1823 2417 usq.

187 2444 348 2502 mentoris
360 2444 505 2516 bnapnem
525 2443 664 2515 oguinus
685 2454 826 2512 expressa.
846 2438 923 2504 bne,
941 2437 984 2494 iu·
1034 2449 1144 2494 uarum
1157 2435 1597 2508 (dnodmrtimsebiimsanrem
1620 2448 1823 2518 populusuene·

191 2551 386 2607 quimorem,
398 2536 457 2590 sire
467 2527 611 2589 redonabo
625 2533 726 2596 noima,
736 2532 802 2603 iure
813 2530 913 2588 dieitur
933 2543 984 2600 pn·
1034 2526 1075 2598 pii
1084 2525 1111 2582 in
1122 2541 1238 2584 inuuere
1246 2527 1405 2595 Sabbatum.
1418 2530 1456 2586 ita
1465 2547 1573 2603 temper
1582 2544 1611 2591 et
1620 2538 1734 2606 reproba
1747 2556 1826 2599 meris

192 2628 313 2693 radiens,
326 2642 388 2698 quie
397 2634 428 2682 et
437 2625 589 2681 emlestiuni
599 2625 795 2680 diadematum
811 2631 853 2678 est
875 2619 986 2678 tuentis
1035 2613 1113 2670 eilde
1123 2629 1172 2686 per
1184 2615 1277 2671 mundi
1305 2616 1385 2686 buius
1398 2618 1503 2689 nepotis
1518 2619 1638 2691 inquieto
1654 2623 1825 2695 diffunditur.

193 2716 307 2789 irrigue.
321 2719 353 2773 el
372 2726 500 2787 tanquam
524 2715 654 2771 iertilinrrr
672 2715 799 2770 urbanum
818 2712 861 2769 iel
884 2711 985 2768 berbe-
1035 2702 1268 2762 etnninrasmcm
1297 2703 1393 2760 insolu
1406 2706 1450 2763 sui
1461 2705 1651 2781 Redemptoiis
1667 2713 1825 2783 quietudine

192 2820 267 2873 nni,
280 2804 321 2862 sio
333 2789 484 2862 inentibus
496 2813 652 2860 sentimum
669 2803 799 2859 virtutum
817 2808 913 2856 rerunt
925 2815 986 2871 per·
1036 2795 1194 2853 delectetur.
1208 2791 1275 2852 Hine
1288 2806 1343 2863 est,
1352 2799 1422 2867 quod
1437 2814 1489 2857 non
1505 2798 1637 2865 adnisui
1652 2803 1679 2860 in
1693 2803 1824 2863 liebiutba

194 2891 316 2949 minibus
322 2892 465 2949 adornata.
478 2891 551 2966 lions
567 2891 644 2948 enim
656 2890 713 2956 ille¹
731 2890 789 2945 sire
801 2888 915 2954 durius.
938 2888 987 2958 qui
1036 2901 1084 2942 rex
1101 2881 1245 2956 babylonis
1255 2884 1375 2941 Sedecim
1388 2886 1457 2943 illios
1468 2888 1624 2956 trucidarit,
1638 2899 1738 2963 etpost
1752 2891 1825 2963 ejus-

194 2982 253 3039 illie
263 2984 361 3039 dieitur
372 2983 462 3055 egredi
481 2981 515 3037 de
532 2983 592 3037 loeo
606 2981 751 3052 voluptatis
763 2980 799 3035 od
821 2979 986 3050 irrigandum
1037 2976 1098 3033 deni
1120 2976 1213 3032 oculos
1235 2976 1307 3031 eruit
1319 2975 1373 3046 (iv
1388 2976 1453 3049 lieq.
1470 2978 1729 3052 supermodum
1749 2984 1824 3041 Seri·

195 3073 364 3144 paradisum,
375 3074 475 3144 quique
486 3071 615 3130 diuiditur
627 3073 654 3124 iri
675 3078 791 3139 quotuor
805 3069 903 3137 capita,
917 3065 987 3124 ratio
1036 3073 1116 3136 ptura
1136 3078 1214 3120 suere
1236 3065 1355 3121 Sedecim
1382 3067 1565 3137 captivitatem
1583 3081 1684 3137 narrat,
1701 3069 1828 3131 ordinem

197 3162 298 3218 meritis
309 3172 368 3230 esi,
381 3178 415 3219 ex
439 3176 502 3233 qua,
523 3160 596 3216 uelut
618 3157 742 3230 originali
760 3156 846 3222 lente.
872 3143 1024 3227 quatuorC
1039 3156 1201 3229 captivitatis
1226 3156 1341 3213 internae
1366 3157 1516 3214 enuntiat
1544 3156 1602 3215 ilex
1624 3163 1723 3233 qnippe
1740 3163 1826 3237 liubr-

155 3303 170 3324 ,
194 3253 438 3323 uirtutes.lustitia
457 3253 600 3316 videlieet,
619 3250 774 3315 fortitude,
798 3248 943 3320 prudentia
960 3257 989 3304 et
1039 3245 1108 3303 louis
1142 3255 1185 3303 est
1225 3246 1354 3319 antiquus
1392 3246 1501 3316 bostis.
1544 3266 1685 3320 possessor
1723 3251 1825 3313 intimus

196 3343 392 3414 temperantia,
414 3342 492 3414 quusi
512 3342 624 3398 totidem
645 3338 777 3396 salutiferi
800 3338 854 3410 63
870 3337 990 3408 gurgites
1038 3333 1224 3402 eooiirsionis‚
1251 3335 1297 3408 qui
1324 3338 1401 3408 priris
1430 3337 1500 3396 filios
1521 3350 1586 3396 unte
1608 3339 1738 3400 inurentis
1763 3356 1826 3404 derr-

197 3434 346 3506 prodeunt,
359 3434 405 3504 qui
420 3443 521 3489 terrum
531 3431 615 3488 nostri
629 3430 720 3488 cordis
729 3428 847 3485 lertilem
862 3428 988 3486 reddunt.
1038 3424 1077 3479 lus
1092 3425 1230 3491 trucidat,
1246 3427 1309 3497 quiri
1329 3442 1401 3500 saepe
1416 3427 1457 3484 sie
1468 3427 1541 3484 bona
1554 3443 1634 3498 opera
1648 3431 1783 3501 interficit,
1797 3444 1826 3491 nt

196 3521 314 3594 luipnuio
338 3537 402 3579 iero
414 3522 477 3578 ritui
499 3522 558 3591 ipsa
575 3520 709 3577 bonorum
728 3525 774 3574 est
793 3516 938 3588 sapientia.
955 3515 990 3571 de
1038 3512 1097 3571 bren
1110 3514 1276 3570 seumiitere
1288 3515 1357 3586 ipse,
1373 3516 1419 3586 qui
1432 3526 1526 3586 eaptus
1547 3528 1598 3580 est,
1615 3519 1707 3575 dolens
1721 3531 1825 3577 cernat.

197 3625 251 3682 qua
274 3619 303 3665 et
324 3609 451 3666 Salomon
476 3609 535 3675 aii:
552 3625 562 3659 r
579 3605 693 3678 Lignum
715 3605 777 3660 riter
802 3613 845 3660 est
866 3603 919 3671 bis,
942 3604 989 3675 qul
1037 3599 1169 3674 ebdom
1179 3601 1262 3676 gemit
1273 3601 1431 3673 plerumque
1453 3604 1571 3670 unimus,
1585 3614 1613 3661 et
1628 3617 1718 3664 tauron
1733 3611 1826 3667 eniriis

196 3697 435 3770 apprehenderunt
456 3711 538 3761 eum,
557 3703 585 3752 et
603 3693 651 3766 qui
672 3692 791 3750 tenuerit
815 3707 877 3748 eam
896 3689 990 3748 beetur
1038 3685 1094 3745 snm
1105 3689 1330 3749 delectationibus
1342 3693 1440 3759 ricius,
1458 3695 1529 3750 bonu
1541 3709 1601 3766 qua·
1616 3698 1718 3768 genuit,
1731 3714 1826 3758 amaris

195 3785 291 3858 (eros.
311 3788 394 3859 iiii.»
419 3788 533 3859 Lignum
554 3801 620 3842 iero
640 3783 761 3842 scientie
782 3781 847 3838 boni
869 3790 895 3838 ei
915 3782 990 3850 muli,
1037 3781 1187 3852 perdire,
1200 3781 1826 3853 qunprotendamusconsidernt‚neetamen

195 3878 511 3954 trarrsqressiuestleqis
525 3876 641 3942 indicte,
655 3875 925 3946 experimentumque
937 3873 989 3926 mi·
1038 3871 1146 3926 virtritis
1158 3871 1298 3928 brueliiirm
1311 3881 1403 3928 euntia
1415 3889 1506 3945 regem
1524 3873 1667 3950 Babylonis
1678 3876 1765 3944 lerat;
1778 3877 1828 3935 ssd

195 3968 287 4026 serius
301 3967 354 4025 Sed
368 3967 431 4039 quin
443 3967 521 4025 nobis
541 3965 709 4039 propositum
733 3981 785 4021 non
799 3974 841 4021 est
853 3977 990 4036 exponere
1038 3966 1102 4021 dnm
1121 3964 1214 4019 ridens
1241 3964 1367 4034 nequitiae
1391 3968 1589 4037 perpetratione
1610 3969 1768 4040 percutitur,
1791 3972 1828 4030 ed

195 4067 296 4114 mneta
316 4073 369 4130 per
387 4057 524 4122 ordinem,
545 4055 660 4113 sudleiui
680 4053 738 4110 hes
758 4055 906 4122 succincte,
929 4068 991 4125 qum
1040 4055 1091 4113 boe
1104 4056 1265 4126 quandoque
1281 4058 1593 4127 peecaiidnperdueitur,
1607 4061 1707 4132 etipse
1720 4077 1828 4135 quoque

197 4133 268 4203 beie‘
278 4145 386 4217 repono
400 4152 567 4215 competunt,
579 4141 743 4213 prelibasse.
1039 4146 1153 4200 rationis
1168 4145 1269 4201 lumine
1281 4145 1412 4215 privetur.
1430 4145 1506 4204 Unde
1531 4148 1676 4221 Brito-lonis
1703 4168 1750 4211 rex
1776 4168 1825 4211 ex·

234 4234 390 4293 Rotundum
402 4249 468 4292 sero
479 4231 584 4305 quiu'et
607 4232 721 4303 reprobo
735 4229 878 4301 utriuslibet
900 4230 990 4286 noima
1039 4235 1148 4289 siinetis
1162 4236 1237 4304 priris
1248 4233 1322 4301 liliis,
1334 4235 1453 4294 Sedenim
1467 4240 1561 4296 oculos
1574 4221 1657 4308 eruit.
1669 4244 1731 4313 qnia
1745 4243 1825 4320 muli·
1849 4301 1855 4314 ,

196 4326 231 4386 ot
242 4325 364 4382 enniusio
377 4324 470 4381 tartari
483 4341 491 4378 ι
502 4332 532 4380 et
544 4330 647 4387 teneto,
659 4322 759 4377 munda
779 4329 860 4392 utque
873 4321 990 4392 perlecta
1039 4339 1108 4396 qnus
1125 4326 1235 4395 spiritns
1249 4327 1387 4384 subductis
1402 4330 1475 4399 prins
1498 4330 1577 4387 bonis
1605 4336 1739 4403 operibus.
1767 4341 1828 4408 posi

197 4415 305 4488 speeies
317 4414 448 4487 paruilisi.
466 4411 542 4469 lieris
564 4412 637 4470 enim
662 4410 765 4473 odiosa.
788 4409 894 4481 cupida,
920 4425 993 4466 turis
1041 4418 1223 4488 intelligentie
1242 4418 1331 4473 lunieri
1359 4420 1437 4473 tollit.
1455 4420 1533 4488 Quod
1555 4431 1628 4478 reete
1650 4423 1779 4482 Sedeeias
1799 4427 1826 4482 ln

197 4505 388 4562 tantummodo
400 4503 577 4561 secularibus
598 4501 700 4570 dedito,
717 4502 835 4558 libidinis
855 4501 916 4572 igne
928 4518 991 4558 suc·
1002 4484 1030 4548 Ῑ)
1041 4508 1173 4564 lleblntbu
1194 4510 1303 4578 potitor.
1320 4509 1451 4564 lieblotbn
1469 4512 1566 4583 qnippe
1578 4513 1662 4567 multu
1673 4516 1729 4571 doe
1742 4517 1828 4573 iuter·

197 4609 293 4662 wera,
307 4607 397 4650 nonne
412 4594 461 4649 tibi
474 4594 579 4649 ridetur
594 4592 734 4656 misenus,
758 4590 783 4645 in
802 4603 856 4660 qno
867 4591 993 4648 uidelicet
1041 4598 1212 4668 proterunlii
1226 4614 1341 4668 numque
1351 4598 1464 4656 rationis
1475 4601 1670 4657 lumeniuerito
1681 4605 1828 4673 clauditur,

197 4683 994 4755 etdialtolushabitat,etenneupiseeniinruniiqriesaesiuare
1042 4687 1098 4757 qui,
1121 4694 1222 4741 sanetae
1247 4687 1345 4757 quietis
1367 4686 1458 4759 rigore
1482 4691 1642 4759 pomponio,
1657 4705 1706 4761 pei·
1723 4695 1827 4764 negotiu

199 4785 255 4832 oon
279 4776 407 4830 mosanti
429 4773 484 4831 lllie
506 4776 580 4830 enlin
603 4775 636 4828 de
654 4773 759 4827 luxurie
772 4772 933 4841 sulphureus
944 4771 994 4828 loe·
1042 4777 1177 4831 mundone
1200 4784 1332 4844 ruptntrir.
1343 4773 1407 4832 lure
1421 4778 1447 4832 in
1461 4778 1593 4834 lleblnilia
1607 4779 1826 4848 moerebimus,

200 4875 247 4922 tor
257 4868 390 4933 oboritur,
405 4873 433 4923 el
445 4868 479 4923 de
491 4867 684 4940 cogitationum
703 4865 930 4924 crebrescentium
955 4875 994 4920 ie·
1021 4879 1028 4892 ·
1043 4881 1115 4931 euin,
1128 4869 1280 4936 eonteorpio
1292 4882 1355 4929 uno,
1371 4877 1419 4937 per
1430 4865 1520 4938 inuiis
1534 4884 1628 4941 rogus,
1641 4879 1670 4924 et
1686 4870 1828 4940 impatiens

200 4960 319 5014 nebrrisa
339 4959 464 5028 ealigine,
481 4968 609 5028 tanquam
633 4956 765 5011 teterrimi
777 4954 990 5014 luminelumine
1045 4959 1150 5012 animus
1162 4957 1317 5027 dissipetur.
1337 4957 1483 5013 lemelitieu
1498 4959 1580 5030 igitur
1605 4960 1695 5014 animo
1707 4960 1825 5015 subbati·

199 5048 456 5117 generationibus
469 5051 532 5103 durii
543 5049 595 5103 boe
607 5054 690 5112 amat,
701 5046 765 5100 illud
779 5047 872 5110 tirnet;
888 5045 915 5099 lii
931 5045 991 5100 uliis
1044 5054 1099 5107 zet.
1112 5046 1174 5099 duni
1191 5055 1291 5100 remota
1311 5060 1326 5099 u
1339 5046 1506 5115 negotiorum
1519 5045 1688 5102 saecularium
1705 5049 1827 5117 strepitu.

200 5139 312 5206 gaudet,
327 5143 378 5193 boe
395 5140 470 5202 odit3
491 5138 558 5192 illud
571 5137 649 5191 avide
672 5133 857 5204 eorreupiseii;
875 5134 904 5188 tlt
920 5131 989 5188 inle·
1044 5134 1203 5190 lectionibus
1229 5146 1257 5190 ei
1282 5136 1449 5191 orationibus
1470 5146 1563 5201 (παις
1582 5136 1740 5207 AEgyptiaca
1762 5154 1828 5195 reio

200 5227 341 5292 lismens,
356 5236 480 5297 suspecta
504 5240 610 5298 semper
630 5233 658 5279 et
679 5239 756 5293 iaqn,
779 5223 893 5284 curiosa,
910 5223 991 5277 anxia
1044 5233 1197 5280 muscarum
1211 5227 1390 5297 ingruentium
1404 5224 1576 5310 infestatione
1589 5226 1751 5296 percellitur,
1765 5230 1827 5285 dom
1857 5237 1859 5240 ’

201 5316 285 5372 simul
308 5327 390 5387 nique
413 5317 544 5383 sollicita,
568 5330 629 5387 quie
651 5313 725 5370 euris
743 5311 941 5382 impellentibus
963 5312 990 5365 iri
1044 5323 1210 5370 terrenorum
1236 5324 1342 5369 aciurnn
1356 5314 1551 5383 inquietudine
1577 5315 1733 5371 delectatur.
1758 5317 1828 5386 Quid

202 5404 288 5459 multu
302 5406 441 5471 dindimi,
460 5408 682 5475 diversorumque
693 5405 846 5474 passionum
858 5405 992 5458 morsibus
1043 5413 1085 5459 est
1097 5404 1169 5458 enim
1184 5404 1209 5457 iri
1222 5404 1272 5459 bac
1282 5405 1336 5459 ritu
1349 5405 1515 5472 laboriosius,
1531 5402 1610 5475 quiin
1625 5409 1739 5463 terrenis
1755 5409 1827 5465 desi·

202 5492 349 5549 matur.
367 5492 430 5549 iim
449 5495 539 5566 itaque
563 5493 660 5550 debilis
680 5493 770 5547 trriinm
785 5493 905 5561 qelrennn
919 5489 991 5546 luctu
1044 5495 1125 5550 deuiis
1137 5495 1274 5550 estuare?
1291 5495 1359 5561 Quid
1373 5495 1500 5564 quietius.
1515 5508 1595 5566 :iique
1612 5498 1731 5556 suavius.
1746 5512 1827 5568 qnam

202 5591 257 5647 est,
270 5592 389 5640 uinariis
398 5595 427 5640 et
441 5584 572 5648 inlesum,
585 5599 668 5656 quum
685 5594 713 5641 et
724 5586 846 5640 eineitint
858 5592 993 5639 tormento
1044 5584 1123 5653 liujus
1136 5585 1227 5640 eaeetrli
1246 5585 1311 5640 iiiliil
1326 5601 1436 5656 prorsus
1452 5588 1596 5657 oppetere-i
1613 5587 1659 5642 dii
1676 5586 1802 5643 Salomon
1819 5607 1826 5643 :

202 5688 342 5742 meorum,
358 5686 387 5731 et
398 5677 525 5733 uitiorum
539 5686 627 5733 restet
640 5678 801 5733 incendium.
817 5676 917 5743 ninia,
931 5693 991 5748 quie
1047 5696 1057 5728 i
1075 5675 1172 5731 lluseae
1200 5676 1346 5731 morientes
1378 5677 1492 5748 perdunt
1516 5679 1676 5733 suuriiutern
1700 5676 1829 5745 nnqrrenii

357 5784 503 5852 'Pleuron
525 5800 662 5862 cxiii,
1129 5803 1142 5824 ⁸
1401 5785 1407 5794 ’
1600 5793 1619 5853 n
