4100 6209
162 317 213 383 891
470 316 501 381 S.
522 255 634 378 rodat
652 315 815 378 otmaro
833 315 912 378 OPP.
934 313 1034 378 PARS
1046 314 1127 376 SEU
1146 313 1273 376 tortos
1291 313 1331 375 11.
1350 344 1386 360 -
1405 311 1618 376 SERMONES.
1690 267 1698 284 1
1873 313 1929 374 892

165 452 210 508 tos
229 447 375 508 interfecit
402 446 511 521 impetu
538 461 608 505 uno.
633 445 711 517 Quid
739 451 791 517 est,
821 444 899 522 quod
920 446 1023 519 David,
1036 446 1167 513 Addunt
1182 445 1294 519 impetu
1313 443 1349 504 de
1364 443 1476 503 Libano
1494 443 1582 518 (cert.
1599 443 1647 517 tv).
1666 465 1676 495 ι
1697 442 1774 502 Hinc
1794 449 1824 501 et
1846 441 1929 502 Psel-

166 542 331 609 tamnovae,
347 542 404 595 tam
420 535 559 596 inaudite
580 536 725 610 preconio
751 535 847 598 laudis
859 535 1027 598 attollitur?
1070 539 1177 597 mista:
1207 562 1221 586 «
1244 534 1390 596 Fluminis
1408 535 1535 609 impetus
1555 533 1682 594 letificat
1702 534 1852 595 civitatem
1878 534 1930 594 Dei

164 626 237 699 Quis
256 633 300 688 est
316 627 373 685 ieta
396 630 452 685 tam
476 625 743 701 humiliatumque
763 622 923 686 sublimis?
944 623 1027 695 Quis,
1070 631 1154 699 IPsal.
1169 632 1252 690 xuvl.
1269 652 1283 676 »

166 716 299 791 inquam,
325 719 369 773 est
390 713 443 774 iste
460 713 553 774 David
574 715 613 774 ita
634 713 739 774 debilis
755 722 841 790 atque
865 713 1027 788 despectus,
1106 716 1183 776 Huic
1204 732 1272 791 ergo
1290 716 1425 791 rogitem
1442 717 1559 788 humili,
1584 723 1702 791 mmque
1716 714 1851 789 sublimi,
1871 720 1932 776 mm

165 812 197 866 ut
212 804 367 866 vermiculi
392 804 516 879 speciem
537 803 691 880 geratllta
706 804 787 865 tortis
806 820 839 863 ac
853 803 978 875 validus,
996 808 1029 863 ut
1070 806 1198 877 infirmo,
1225 805 1274 864 sed
1301 806 1339 864 ita
1367 805 1523 866 tornesimo
1546 806 1652 878 gratias
1679 805 1854 875 referamus,
1880 808 1933 877 nni

167 914 226 958 uno
241 897 353 972 impeto
368 896 548 973 nonagentos
562 896 695 956 homines
709 893 885 955 interliciat?
898 893 1028 968 lnpalea
1070 893 1177 955 idcireo
1198 894 1261 953 fieri
1284 894 1486 968 dignatusest
1509 895 1617 954 vermis
1641 893 1672 952 in
1695 893 1785 970 ligno,
1814 901 1848 953 ut
1878 910 1933 954 nos

167 1003 274 1063 nempe
288 987 393 1048 litterae
407 988 599 1048 videturesse
615 986 792 1058 adtentum,
808 985 831 1044 si
847 1000 904 1044 non
920 983 951 1043 in
966 1000 1029 1044 me·
1071 982 1257 1043 constitueret
1280 982 1359 1043 cives
1378 983 1409 1042 in
1432 983 1515 1043 coelo.
1537 982 1606 1041 ldeo
1630 989 1778 1042 vetustum
1804 982 1931 1042 humani
2028 1037 2029 1048 ,

168 1079 252 1141 dulla
265 1081 390 1156 spiritus
403 1079 490 1139 lateat
503 1083 725 1139 sacramentum.
1072 1075 1186 1148 generis
1203 1075 1357 1136 inimicum
1371 1075 1401 1134 ia
1421 1091 1451 1134 se
1471 1074 1603 1148 permisit
1617 1074 1779 1149 insurgere,
1797 1080 1831 1132 ut
1843 1089 1884 1133 es
1897 1088 1932 1132 eo
2028 1089 2029 1100 ¹

213 1172 284 1244 Quis
303 1186 371 1248 ergo
389 1169 569 1231 vermiculus
589 1170 652 1241 iste,
669 1169 727 1229 nisi
748 1167 929 1241 illoquiper
944 1180 1031 1224 eum·
1072 1167 1256 1242 postmodum
1273 1182 1331 1227 non
1352 1167 1436 1228 modo
1457 1183 1508 1242 per
1530 1168 1617 1239 viros,
1636 1167 1685 1226 sed
1713 1167 1802 1225 etiam
1820 1182 1874 1240 per
1891 1167 1930 1225 te·
2028 1165 2029 1192 ¹

178 1261 244 1321 dem
263 1261 356 1321 David
372 1259 450 1319 canit
463 1260 495 1319 in
516 1259 654 1318 Psalmo:
672 1258 1030 1332 «Egoaotemsumver-
1074 1259 1168 1318 minas
1185 1259 1386 1334 triumpharet,
1400 1260 1486 1319 lesus
1505 1256 1636 1317 Christus
1650 1257 1796 1317 Dominus
1809 1263 1912 1316 noser

167 1351 243 1421 -mis,
257 1357 285 1409 et
299 1365 358 1409 non
385 1349 472 1408 homo
494 1351 580 1421 (Psct.
597 1352 676 1418 xm).
690 1373 704 1397 υ
722 1345 804 1407 Sicut
819 1344 899 1404 enim
921 1344 1031 1403 vermis
1073 1347 1124 1423 qui
1141 1363 1208 1407 cum
1223 1349 1282 1408 Deo
1297 1348 1379 1407 Patre
1393 1353 1421 1406 et
1448 1348 1557 1423 Spiritu
1577 1353 1675 1407 sancto
1690 1345 1764 1405 vivit
1777 1352 1807 1405 et
1831 1351 1932 1420 regnat

177 1455 216 1500 ex
235 1439 296 1498 sola
313 1438 387 1513 ligni
406 1438 525 1497 materia
545 1438 685 1512 gignitur,
700 1436 740 1495 ita
758 1434 905 1494 Christum
921 1432 1031 1507 absque
1074 1438 1105 1497 in
1119 1438 1225 1497 saecula
1238 1438 1425 1499 seculorum.
1443 1439 1549 1496 Amen.

178 1526 258 1586 virili
276 1526 387 1586 semine
406 1524 520 1585 desolo
541 1524 680 1598 virginali
699 1530 781 1584 utero
800 1522 932 1596 genitum
959 1521 1031 1580 fides
1366 1527 1491 1590 SERIIO
1506 1526 1635 1586 LXVIII.

177 1614 317 1676 catholica
340 1614 502 1674 confltetur.
525 1613 580 1675 sen
605 1614 739 1690 quamvis
758 1612 866 1672 vermis
888 1611 925 1671 sit
950 1616 1032 1670 tener
1312 1631 1341 1679 11.
1358 1630 1389 1677 tu
1402 1630 1510 1677 aarum
1525 1628 1683 1678 truatuutt.

177 1709 206 1763 et
220 1701 324 1763 debilis
339 1746 347 1776 ,
362 1701 435 1778 ligni
449 1717 518 1763 vero
531 1703 639 1763 duritia
660 1703 740 1763 tortis
753 1718 786 1761 ac
800 1700 907 1770 solida;
923 1699 1031 1759 vermis
1110 1705 1213 1778 Hodie,
1239 1706 1340 1767 tratres
1367 1705 1542 1777 charissimi,
1569 1705 1710 1779 virginale
1735 1704 1821 1764 uobis
1843 1704 1933 1763 decos

178 1801 276 1854 omen
294 1791 408 1867 lignum
423 1792 510 1852 vertit
526 1792 559 1851 in
573 1793 689 1864 cariem,
716 1799 743 1851 et
760 1804 949 1851 cavernosum
963 1788 1183 1869 red-Billunit,
1199 1795 1276 1870 quod
1289 1801 1395 1855 nostrae
1411 1793 1558 1854 memoriae
1573 1794 1682 1854 divinae
1702 1793 1822 1853 virtutis
1836 1791 1933 1852 vieto·

177 1882 230 1955 dit,
248 1889 277 1942 et
301 1897 415 1942 cavum.
437 1880 480 1940 Ita
504 1880 679 1955 Redemptor
696 1888 793 1941 noster
813 1894 901 1939 verus
930 1878 1030 1953 utique
1070 1884 1142 1944 riam
1159 1887 1320 1946 renovavit.
1336 1886 1424 1944 Porro
1440 1892 1549 1960 nuarrto
1562 1882 1692 1959 fragilior
1705 1899 1804 1954 sexus,
1820 1888 1933 1956 quanto

178 1984 267 2031 manu
293 1969 375 2028 tortis
400 1977 487 2044 atque
510 1968 734 2038 desiderabilis,
763 1969 814 2045 qui
842 1967 1028 2043 semetipsum
1070 1971 1218 2032 infirmius
1239 1975 1390 2034 vasculum
1414 1972 1491 2047 quod
1510 1979 1635 2048 reportat
1659 1989 1696 2032 ex
1719 1973 1802 2031 hoste
1823 1970 1933 2029 trium·

176 2055 350 2129 exinanivit,
364 2056 416 2131 qui
433 2072 490 2116 non
504 2056 616 2118 habens
634 2058 759 2133 speeiem
776 2073 870 2133 neque
884 2056 1028 2129 decorem,
1071 2064 1172 2136 pbum,
1191 2071 1270 2124 ιρρῑο
1291 2065 1395 2140 majori
1414 2063 1548 2123 diabolus
1571 2063 1725 2140 opprobrio
1747 2060 1932 2122 contusionis

176 2144 324 2206 invalidus
342 2160 376 2205 ac
392 2145 543 2219 despectus
564 2147 697 2222 apparuit
721 2172 727 2206 :
749 2148 913 2206 humanum
934 2160 1029 2220 genus
1069 2151 1212 2224 induitur,
1227 2159 1305 2213 tanto
1318 2152 1480 2213 mirabilior
1498 2153 1576 2212 Deus
1589 2151 1622 2211 in
1640 2153 1702 2212 suis
1716 2149 1825 2210 sanctie
1837 2163 1930 2223 agno-

175 2234 252 2296 unde
266 2240 347 2294 ortus
365 2241 417 2305 est,
432 2235 605 2309 paulatima
622 2252 676 2296 suo
697 2236 792 2310 rigore
815 2237 948 2310 mollivit,
965 2252 1028 2295 ma·
1070 2239 1170 2310 scitur,
1196 2247 1273 2301 ιρριο
1294 2241 1382 2300 etiam
1400 2257 1451 2301 ren
1474 2248 1636 2315 martyrum
1659 2237 1793 2299 obrutus
1815 2236 1846 2295 in
1866 2251 1932 2311 pro

172 2339 324 2401 guumque
337 2323 454 2383 sibimet
467 2324 497 2383 in
513 2326 611 2384 electis
626 2325 688 2385 suis
702 2327 888 2387 habitationis
902 2327 1029 2401 spatium
1070 2330 1288 2403 pugnatricibus
1316 2330 1379 2390 suis
1400 2329 1560 2405 jucundius
1586 2327 1755 2387 delectatur.
1781 2327 1861 2387 ilinc
1887 2332 1931 2384 est

151 2411 348 2488 'procuravit
364 2410 420 2470 Hic
433 2411 531 2486 itaque
543 2412 635 2472 David
650 2412 732 2471 sedet
750 2414 781 2472 in
796 2413 941 2485 cathedra,
959 2415 1029 2491 quia
1069 2422 1166 2493 etiam,
1191 2421 1268 2498 quod
1290 2421 1422 2482 Salvator
1439 2424 1537 2480 noser
1555 2419 1585 2478 in
1610 2419 1702 2494 hujus
1724 2419 1826 2478 mnndi
1849 2432 1932 2476 cam·

172 2501 204 2560 1¹1
223 2510 352 2576 paternae
370 2500 527 2575 “libellatis
542 2499 636 2575 gloria
654 2502 840 2573 θῡῐὶθῐίῑῦῑῦῦ,
859 2503 960 2561 Omnia
975 2502 1027 2578 Ju-
1068 2527 1139 2586 pum
1165 2517 1318 2586 potestates
1337 2528 1435 2571 aereas
1459 2509 1656 2571 debellaturus
1681 2510 1849 2578 adveniens,
1867 2522 1928 2566 non

172 2590 258 2661 dicei·
278 2590 327 2651 cui
347 2588 430 2650 Pater
447 2590 487 2649 ait
507 2609 514 2649 ε
534 2617 545 2641 α
562 2590 636 2651 Sede
659 2607 677 2650 a
698 2590 810 2651 dextris
832 2591 942 2651 meis.»
975 2592 1027 2653 Sa·
1068 2600 1156 2675 elegit
1173 2602 1303 2661 rhetores
1320 2607 1348 2659 et
1367 2600 1562 2675 philosophus,
1582 2598 1631 2659 sed
1653 2598 1800 2672 simplices
1823 2612 1859 2655 ac
1883 2595 1930 2653 tit·

171 2678 371 2754 pientissimus
385 2683 438 2749 est,
452 2677 522 2752 nuta
532 2678 595 2754 ipsa
609 2679 703 2739 Patris
716 2678 864 2754 Sapientia
876 2685 927 2740 est.
1070 2689 1167 2749 ceratis
1191 2688 1345 2748 IndustrIae
1371 2705 1489 2764 prorsus
1516 2688 1651 2763 ignaros;
1681 2693 1713 2746 nt
1738 2687 1769 2744 iu
1800 2690 1927 2759 uhonue

208 2770 266 2831 Sed
292 2769 439 2845 qll⁰ffl⁰tl⁰
458 2768 551 2827 ”alid
574 2770 681 2829 dicitur
701 2772 833 2845 princeps
857 2770 934 2831 111th
958 2776 1027 2842 hel,
1068 2793 1142 2837 sexu
1167 2792 1267 2837 veruto
1295 2778 1342 2850 sit,
1364 2776 1440 2851 quod
1464 2776 1619 2851 Apostolus
1641 2775 1682 2833 ait
1707 2800 1714 2834 ι
1738 2801 1753 2824 ι
1769 2773 1843 2845 onie
1865 2787 1926 2832 non

170 2860 302 2922 cumille
319 2874 376 2919 non
397 2857 559 2918 interalics
575 2859 735 2933 quemlibet
753 2860 959 2937 principatum,
976 2861 1026 2921 sed
1068 2866 1153 2925 multi
1176 2865 1321 2940 sapientes
1346 2865 1506 2926 secundum
1529 2880 1656 2934 carnem,
1680 2877 1739 2923 non
1765 2862 1852 2921 multi
1879 2876 1930 2936 pc·

168 2962 256 3022 super
268 2961 370 3005 omnes
382 2945 477 3021 potius
489 2948 594 3020 regemn
607 2948 710 3022 sceptri
723 2957 833 3008 teneret
845 2948 1028 3025 imperium?
1069 2962 1171 3026 moles,
1187 2969 1245 3015 non
1261 2955 1347 3014 multi
1364 2953 1483 3026 nobiles,
1500 2954 1550 3014 sed
1569 2970 1636 3030 quae
1649 2953 1737 3013 stulta
1751 2958 1822 3011 sunt
1835 2951 1927 3026 hujus

170 3041 196 3112 Il
203 3040 357 3109 Psalmis.)
369 3037 448 3097 Laus
460 3036 540 3097 enim
550 3039 605 3097 ista
614 3038 766 3113 depreciat,
774 3053 833 3099 non
843 3038 967 3109 exulum
979 3038 1027 3097 de·
1068 3044 1182 3116 mundi,
1198 3044 1285 3120 elegit
1304 3045 1381 3104 Deus
1396 3052 1428 3104 ut
1446 3044 1604 3104 confundat
1619 3044 1703 3103 tortia
1720 3068 1727 3101 :
1742 3047 1771 3101 et
1784 3040 1928 3116 ignobilia

168 3128 278 3203 primit,
295 3142 354 3186 non
369 3126 492 3198 attollit;
509 3142 575 3187 com
588 3126 639 3187 ille
651 3142 711 3187 non
726 3135 783 3187 um
797 3127 1022 3187 tribusinteres·
1035 3170 1057 3231 G
1068 3133 1171 3193 mundi
1198 3139 1226 3193 et
1247 3133 1475 3210 contemptibilia
1500 3134 1587 3207 elegit
1613 3133 1698 3203 Deus,
1723 3139 1751 3191 et
1772 3147 1841 3206 quae
1866 3145 1925 3191 noo

168 3222 221 3289 set,
236 3231 325 3291 qnam
340 3215 477 3275 omnibus
495 3225 666 3291 superesset.
685 3215 741 3277 Sed
757 3232 825 3276 cum
843 3217 880 3277 ab
894 3216 946 3277 illo
965 3216 1021 3277 Da·
1068 3229 1146 3295 sunt,
1174 3230 1206 3283 ut
1230 3240 1264 3284 ea
1287 3239 1355 3300 quae
1378 3230 1447 3284 sunt
1464 3221 1635 3293 destrueret,
1653 3227 1688 3280 ut
1707 3236 1764 3282 non
1785 3218 1928 3293 glorietur

168 3304 219 3364 vid
245 3303 378 3364 videatur
396 3306 537 3364 mnoeutia
556 3305 611 3364 ista
627 3304 778 3378 dissidere,
800 3312 842 3366 est
858 3307 907 3366 cui
931 3305 1024 3366 valeat
1067 3312 1164 3372 omnis
1190 3328 1255 3372 carc
1282 3312 1315 3372 in
1332 3320 1488 3389 conspectu
1506 3313 1570 3388 ejus
1588 3315 1623 3386 (li
1639 3313 1700 3370 cor.
1722 3313 1783 3384 1).»
1803 3307 1927 3368 Talibus

168 3392 316 3469 aptissime
340 3394 505 3454 convenire.
532 3394 639 3456 Beatus
676 3395 769 3467 enim,
797 3411 830 3456 ac
866 3395 1024 3471 singularis
1067 3402 1147 3462 enlm
1165 3402 1347 3476 omnipotens
1366 3402 1444 3463 Deus
1459 3402 1625 3462 uberiorem
1644 3416 1721 3476 saepe
1741 3398 1927 3475 pmdicatio·

165 3484 215 3543 ille
231 3485 329 3557 homo,
344 3485 395 3560 nui
414 3485 534 3561 mystice
554 3486 649 3547 dictus
667 3494 711 3546 est
730 3487 848 3561 vermis
869 3503 940 3548 mox
961 3493 1023 3547 uta
1067 3493 1114 3552 nis
1128 3492 1251 3565 gratiam
1267 3490 1379 3565 tribuit,
1395 3498 1483 3568 atquc
1496 3508 1548 3567 per
1566 3506 1614 3552 eos
1634 3498 1750 3550 versuta
1764 3487 1927 3548 mundanae

166 3571 262 3652 Verbo
275 3572 307 3632 in
331 3573 441 3634 unitate
460 3588 589 3649 personae
608 3575 777 3649 suscipitur,
793 3576 825 3633 in
838 3583 936 3636 saneta
954 3574 1020 3634 Tri·
1067 3580 1217 3656 sapientiae
1231 3587 1404 3654 argumenta
1419 3581 1575 3642 convincit.
1594 3580 1670 3640 Hinc
1682 3585 1727 3638 cst
1744 3579 1821 3653 quod
1835 3593 1928 3652 spon·

167 3664 255 3723 nitate
269 3678 328 3725 ncn
342 3663 527 3739 inaequaliter
540 3664 729 3740 principatur.
749 3665 885 3741 Princeps
900 3672 941 3725 est
954 3681 1022 3741 crgo
1066 3685 1118 3729 sus
1130 3669 1167 3728 ad
1181 3683 1316 3743 aponum
1336 3670 1406 3731 dicit
1427 3670 1459 3730 in
1475 3670 1602 3730 tantine
1616 3688 1623 3727 :
1643 3693 1654 3721 ι
1672 3666 1835 3727 Umbilicus
1854 3674 1927 3725 tuus

165 3753 242 3812 inter
263 3760 331 3827 hes,
350 3756 418 3830 quia
442 3755 545 3817 unitos
561 3762 605 3815 est
624 3755 728 3828 Verbo,
744 3772 812 3830 quea
836 3772 895 3816 uua
922 3762 965 3815 est
987 3756 1018 3814 lu
1065 3765 1159 3819 crater
1182 3758 1337 3831 tornatilis,
1366 3774 1517 3834 nunquam
1538 3757 1673 3834 indigens
1697 3754 1811 3831 poculis
1830 3757 1926 3824 (carc.

165 3852 263 3905 sanna
276 3843 419 3905 Trinitata
436 3859 568 3920 persona.
599 3842 655 3903 Hic
669 3844 849 3919 ochngcntos
875 3843 1021 3904 interlecti
1066 3853 1130 3916 vu).
1149 3870 1160 3895 ·
1189 3845 1349 3907 limbilicus
1376 3853 1473 3906 autem
1500 3845 1684 3921 fragilissima
1708 3859 1774 3919 pars
1794 3841 1928 3916 corporis

162 3934 274 4009 impetu
288 3949 358 3994 nno.
376 3933 545 3995 Octonariua
559 3948 702 3994 numerus
717 3933 754 3992 ad
767 3933 1018 4006 resurrectionem,
1064 3940 1117 3993 est.
1137 3933 1214 4005 Quid
1233 3949 1301 4006 ergo
1319 3949 1369 4008 per
1387 3933 1522 3994 Ecclesia
1543 3933 1710 4006 designetur
1739 3929 1928 4002 umbilicum,

162 4023 346 4084 centenarius
376 4023 500 4097 pertinet
526 4025 563 4084 ad
587 4022 804 4099 perlectionem.
832 4023 923 4083 David
951 4039 1019 4097 ergo
1066 4024 1123 4083 uisi
1141 4028 1233 4083 coetus
1254 4023 1438 4084 intirmorum
1462 4028 1549 4099 atque
1570 4020 1736 4082 debilium?
1757 4019 1832 4091 Quid
1854 4037 1928 4083 vern

163 4127 223 4171 uno
256 4111 364 4187 impetu
392 4112 572 4187 octingentos
603 4111 757 4181 interiecit,
787 4112 856 4187 quia
890 4111 1020 4190 Salvator
1064 4128 1116 4187 per
1134 4119 1284 4184 craterem,
1308 4112 1365 4171 nisi
1384 4112 1606 4187 predicatorum
1624 4108 1820 4184 intelligimus
1840 4109 1926 4169 ordi-

163 4208 259 4260 noster
280 4216 382 4259 omnes
403 4201 456 4273 nui
480 4200 527 4260 vel
550 4202 756 4275 perfectionem
779 4200 847 4260 lidei
868 4207 1018 4275 appetunt,
1065 4217 1153 4262 nem:
1168 4202 1374 4276 nuinimirnm
1390 4199 1717 4261 mentibusauditcrum
1728 4198 1853 4258 celestis
1868 4200 1926 4258 do·

164 4288 209 4346 vel
227 4288 445 4348 meunectionis
463 4287 586 4363 gloriam
608 4286 827 4364 concupiscunt,
850 4287 947 4362 gladio
971 4288 1018 4348 sui
1064 4293 1166 4351 ctrinae
1180 4292 1251 4350 vine
1264 4291 1427 4365 propinant,
1446 4306 1552 4365 easque
1565 4287 1678 4365 poculis
1691 4294 1799 4347 mnata
1815 4287 1926 4362 pmii·

161 4376 283 4451 spiritus
308 4375 460 4448 interiecit,
491 4376 562 4436 dum
588 4391 637 4436 eos
673 4392 724 4450 per
750 4376 958 4437 incarnationis
986 4391 1020 4437 ac
1063 4379 1185 4440 cationis
1201 4377 1374 4438 inebriant?

162 4466 256 4527 crucis
276 4481 340 4526 suae
357 4466 531 4541 mysterium
550 4466 586 4525 ab
600 4481 699 4526 amore
717 4466 821 4527 mundi
836 4466 926 4541 hujus
941 4482 1016 4527 mor·
1099 4467 1262 4530 Umhilicus
1281 4483 1350 4542 ergo
1368 4467 1503 4526 Ecclesiae
1522 4467 1624 4527 crateri
1643 4467 1747 4526 merito
1775 4479 1925 4539 compara-

163 4559 227 4615 tuos
244 4554 428 4628 reddidit;et
446 4553 664 4617 867hneuno
683 4561 816 4632 operatus
834 4564 879 4616 est
895 4528 1132 4631 impetu,⁰tur,
1165 4557 1236 4634 quia
1263 4557 1435 4633 plerumque
1470 4556 1575 4616 debilis
1610 4562 1639 4615 et
1677 4556 1814 4616 infirmus
1848 4550 1925 4611 368

161 4641 258 4715 idest,
279 4660 339 4705 uuo
362 4659 426 4704 suaa
441 4644 805 4706 incarnationisadventu.
823 4644 917 4706 Semel
937 4644 1017 4704 enim
1061 4646 1183 4722 quilibet
1211 4662 1261 4706 vas
1290 4645 1429 4706 doctrinae
1460 4645 1584 4704 cretaeus
1612 4644 1746 4704 efficitur.
1776 4643 1833 4715 Qui
1863 4660 1923 4703 oon

161 4748 212 4810 pro
225 4734 616 4808 peccatisnostrismortuus
641 4738 767 4813 est,J‘am
784 4738 932 4798 ultranon
955 4755 1016 4796 ruo·
1061 4734 1171 4809 indiget
1194 4733 1317 4810 poculis,
1346 4733 1415 4809 quia
1440 4731 1564 4794 coelestis
1589 4731 1698 4806 eloquii
1725 4748 1784 4792 nou
1811 4731 1925 4791 desiuit

160 4823 472 4898 ritortltonr.v1t.An
493 4843 552 4887 con
568 4829 632 4903 ejus
648 4828 793 4888 adventus
810 4828 877 4903 jure
898 4836 1018 4888 vocatur
1060 4824 1190 4898 irriguus
1208 4839 1269 4882 esse
1295 4821 1421 4881 fluentis.
1444 4821 1526 4881 Unde
1546 4820 1620 4879 hene
1638 4826 1729 4880 crater
1748 4819 1797 4880 hic
1821 4825 1923 4880 wran-

159 4916 297 4992 impetus,
311 4917 348 4976 de
365 4932 422 4993 quc
438 4916 575 4978 Salomon
587 4919 628 4977 ait
645 4942 652 4977 ε
669 4939 683 4973 t
703 4917 775 4977 Ecce
792 4918 847 4977 iste
862 4916 970 4977 saliens
985 4918 1015 4978 in
1063 4912 1121 4972 tilis
1139 4912 1256 4982 dicitur,
1277 4918 1359 4970 torno
1378 4909 1522 4985 siquidem
1540 4908 1608 4984 quis
1629 4906 1744 4967 facilius
1768 4917 1922 4982 operetur.

161 5005 321 5079 montibus,
340 5007 505 5068 transiliens
523 5008 613 5068 colles
631 5009 719 5080 (cent.
746 5009 789 5081 ιι).
809 5030 821 5060 ι
844 5006 880 5066 Et
897 5007 1014 5067 David:
1061 5001 1234 5076 Expeditius
1263 5003 1341 5060 euim
1370 5015 1446 5076 sape
1470 5006 1557 5073 atque
1589 4998 1733 5058 inoffense
1760 4997 1792 5055 in
1820 5005 1922 5057 morta

162 5095 367 5170 «Exsultavit,
391 5098 498 5175 inquit,
522 5105 554 5159 ut
575 5098 657 5173 gigas
679 5096 715 5156 ad
738 5097 911 5158 currendam
939 5097 1016 5157 viam
1060 5091 1265 5166 predicatione
1287 5091 1465 5162 discurrunt,
1489 5089 1539 5165 nui
1559 5087 1774 5164 predicationis
1795 5087 1921 5161 gratiam

160 5186 244 5254 (Psat.
264 5188 362 5259 xvnt).
379 5212 393 5237 ι·
407 5186 463 5258 Qui
480 5187 559 5247 onim
579 5185 672 5246 currit
689 5185 790 5262 procul
808 5186 897 5247 dubio
923 5186 1015 5260 impe-
1059 5196 1118 5240 non
1146 5195 1199 5241 suc
1230 5180 1349 5251 studio,
1377 5177 1427 5237 sed
1452 5176 1597 5237 divinitus
1623 5184 1805 5251 acceperunt
1836 5175 1923 5235 Hanc

161 5281 224 5332 tom
237 5275 314 5336 iecit.
331 5276 405 5335 Nam
418 5283 447 5335 et
460 5275 587 5336 Verbum
603 5275 657 5337 llei
671 5283 809 5353 unquam
828 5276 911 5336 rivus
925 5292 1016 5352 aqua-
1059 5268 1408 5345 praedicationisgratiam
1423 5268 1497 5328 viris
1515 5266 1709 5342 simplicibus,
1725 5265 1791 5324 sive
1809 5266 1921 5324 senens

160 5373 226 5420 rum
247 5363 409 5425 viventium
428 5378 496 5423 cum
512 5363 624 5439 impetu
643 5365 741 5438 venit,
757 5373 784 5424 et
808 5364 883 5424 sicut
904 5371 1016 5423 torrens
1060 5358 1233 5418 mulieribus
1251 5357 1435 5418 tribuendam
1455 5356 1505 5415 illa
1525 5354 1647 5416 Samson
1668 5352 1789 5413 victoria
1810 5353 1920 5428 figura·

159 5456 266 5510 cuncta
291 5449 491 5512 doctrinarum
515 5452 681 5513 ardentium
706 5453 927 5528 inquinamenta
949 5452 1016 5513 suh·
1060 5448 1123 5519 vit,
1153 5465 1211 5524 qua
1241 5447 1375 5507 videlicet
1402 5444 1603 5506 nrandibulam
1633 5444 1708 5505 asini
1745 5442 1921 5504 terrefactus

161 5536 257 5596 vertit.
290 5537 370 5598 Unde
394 5546 422 5598 et
445 5540 475 5600 in
506 5540 633 5601 [lacticis
664 5541 841 5601 eandccrum
868 5541 977 5602 dicitur
1005 5560 1013 5601 :
1057 5541 1209 5615 arripiens,
1227 5539 1309 5598 mille
1331 5536 1575 5597 Philisthinorum
1590 5535 1668 5596 viros
1689 5533 1793 5594 occidit
1814 5534 1918 5605 (lude.

164 5651 178 5676 «ι
192 5625 268 5686 Eous
287 5626 447 5701 dormtum,
467 5638 573 5704 puteus
589 5645 733 5707 aquaem
752 5629 927 5706 urendum,
946 5646 1014 5706 quar
1059 5636 1124 5702 xv).
1140 5624 1216 5701 Quid
1235 5629 1314 5689 enim
1336 5643 1388 5703 por
1404 5627 1602 5689 mandibulam
1620 5625 1705 5697 asini,
1721 5622 1799 5700 quod
1816 5623 1919 5700 chone
