4100 6209
128 304 199 374 1025
689 316 820 381 PASSIO
838 320 890 382 SS.
913 316 1047 382 FLORAE
1066 322 1115 382 ET
1136 318 1321 384 Lucilla.

126 498 1877 532 --—--—·--—--——-———-—-—----—-—-.-.-...

269 674 448 780 PASSIO
482 677 813 787 attollatur
844 682 1122 789 vlhuluhll
1154 684 1348 792 ilcan
1382 685 1449 790 tlt
1484 686 1743 796 Lucilla.

924 904 973 985 (aa
989 902 1088 986 ιιιιι.)

621 1089 705 1154 Cum
721 1091 985 1158 adnotationibus
999 1092 1165 1160 curtiolae·
1180 1095 1300 1179 tapete·
1313 1096 1349 1163 S.
1364 1097 1395 1161 J.

459 1424 665 1489 PROLOGUS.
992 1435 1201 1508 Amaaimum,
1216 1453 1334 1498 cernere
1351 1455 1419 1499 eum
1434 1439 1486 1514 qui
1500 1440 1682 1503 Christianus
1701 1457 1761 1503 non
1780 1443 1875 1504 luent

166 1512 259 1575 Deum
280 1514 444 1574 mirabilem
467 1517 499 1575 ln
521 1518 627 1578 canens
645 1518 717 1592 suis,
739 1519 889 1580 Psalmista
908 1527 988 1595 teste,
1030 1524 1173 1583 cervicem
1191 1541 1243 1601 pro
1265 1526 1378 1587 Christo
1398 1527 1531 1601 tendere;
1552 1535 1580 1588 et
1597 1545 1666 1590 eum
1684 1532 1735 1606 qui
1756 1532 1888 1593 nondum

130 1604 286 1667 didicimus
304 1606 388 1679 (Psoi.
409 1614 513 1681 lxvii),
534 1625 590 1670 non
615 1608 709 1670 solum
729 1611 758 1669 in
778 1626 812 1670 eo
830 1612 909 1688 quod
932 1613 990 1672 mi·
1031 1620 1092 1672 erat
1108 1622 1224 1674 renatus
1239 1615 1419 1691 baptismate,
1437 1634 1488 1691 per
1502 1620 1635 1693 martyrii
1651 1619 1779 1694 numam
1792 1620 1889 1696 bapti-

131 1697 233 1757 rabilia
252 1697 335 1773 signa
352 1713 403 1771 per
420 1714 469 1758 eos
487 1707 622 1774 operatur
642 1699 673 1759 in
698 1701 744 1759 his
768 1704 818 1777 qui
840 1703 990 1779 iulrrmau-
1031 1701 1100 1760 natis
1114 1701 1253 1775 plurimis
1264 1704 1403 1763 anteferri
1418 1707 1424 1762 l
1441 1703 1498 1764 Sed
1511 1706 1573 1779 ipsa
1587 1705 1672 1765 nohis
1685 1706 1805 1767 historia
1817 1708 1889 1783 (353)

131 1798 198 1859 tur3
219 1787 425 1848 verumetiam
444 1789 521 1862 quod
539 1805 590 1864 por
605 1805 676 1849 eum
689 1790 743 1864 ipsi
757 1788 990 1849 convalescentes
1027 1786 1090 1860 jam
1113 1789 1259 1866 loquatur,
1279 1791 1340 1866 ipsa
1365 1792 1449 1852 nohis
1468 1801 1634 1853 sanctorum
1652 1794 1806 1869 originem,
1826 1796 1889 1871 ipsa

130 1877 167 1937 de
184 1875 351 1937 infirmitate
369 1880 529 1948 communi,
552 1879 637 1938 lortes
664 1880 731 1939 lacti
757 1885 826 1937 sunt
849 1878 880 1937 in
900 1878 989 1938 bello.
1031 1892 1133 1938 eorum
1146 1880 1214 1939 vitae
1227 1897 1422 1955 progressum,
1437 1884 1500 1956 ipsa
1512 1884 1707 1946 consummati
1722 1885 1890 1946 certaminis

131 1965 289 2026 lullrmitas
301 1967 380 2026 enirn
393 1966 544 2028 hominum
558 1976 625 2028 aret
639 1980 759 2029 mortem
776 1969 886 2043 lugere,
899 1970 991 2028 mari·
1030 1966 1154 2041 gloriam
1166 1969 1227 2042 jam
1241 1976 1390 2044 proponat.

130 2068 179 2114 me
193 2055 300 2115 verosi
315 2056 352 2114 sit
371 2070 439 2116 cum
455 2057 631 2118 cruciatibus
647 2057 807 2117 inferenda.
826 2057 882 2117 Sed
898 2060 989 2118 sancti
1311 2074 1434 2136 CAPUT
1448 2076 1608 2138 pgppfflpg

131 2151 273 2219 mutim
294 2145 370 2204 hanc
388 2145 588 2205 infirmitatem
615 2162 664 2221 per
693 2148 744 2205 Dei
763 2147 885 2220 gratiam
902 2162 989 2222 supe·
1030 2163 1135 2217 lictum
1157 2168 1316 2219 sanctorum
1343 2167 1483 2233 vispinum
1534 2169 1608 2232 etos,
1632 2169 1780 2240 captivitas
1806 2173 1832 2224 et
1859 2170 1891 2224 iu

130 2239 237 2305 rantes,
255 2250 311 2293 non
331 2235 425 2294 solum
444 2236 539 2296 oblata
558 2237 701 2311 pertulere
721 2245 873 2310 tormenta,
892 2242 922 2296 et
939 2253 990 2312 per
1302 2239 1463 2307 captivitate
1483 2238 1504 2292 a·
1523 2243 1605 2296 ortes.

131 2322 194 2399 ipsa
213 2339 298 2383 suam
318 2325 408 2384 vitam
427 2326 586 2397 luderuut3
615 2341 717 2386 verum
743 2327 831 2386 etiam
858 2326 935 2387 ultro
958 2343 989 2386 se
1067 2319 1174 2380 Urbem
1194 2320 1315 2381 Romam
1336 2323 1489 2384 universas
1512 2326 1599 2385 urbes
1621 2326 1703 2385 omni
1728 2325 1889 2387 nobilitatis

132 2414 265 2490 tyrannis
284 2423 313 2474 et
331 2415 517 2476 carnificibus
539 2418 575 2476 ad
595 2433 694 2491 poenas
720 2418 913 2478 atrocissimas
935 2417 989 2476 oh·
1029 2428 1136 2487 genere
1160 2414 1351 2489 praeessisse,
1379 2421 1409 2475 et
1431 2422 1517 2491 ceput
1543 2417 1622 2477 orbis
1647 2416 1738 2478 luisse
1764 2419 1889 2478 munile·

133 2501 272 2563 tulerunt.
295 2503 377 2575 Quod
400 2505 556 2565 hominurn
575 2521 668 2579 genus
687 2506 797 2582 optimc
817 2506 883 2580 jure
904 2505 990 2565 dixe·
1031 2510 1108 2564 stum
1131 2511 1183 2562 est.
1210 2502 1242 2564 Si
1263 2505 1342 2564 enim
1364 2514 1432 2566 ante
1449 2506 1557 2567 Christi
1574 2506 1691 2568 Domim
1710 2509 1891 2571 nativitatem

131 2591 199 2664 rim,
224 2592 325 2652 divirw
353 2609 482 2665 munere,
511 2592 710 2654 tortitudinem
740 2608 825 2654 suam
851 2602 986 2654 mutasse.
1030 2592 1205 2664 consideres,
1227 2593 1375 2654 Romanos
1399 2596 1515 2656 invenis
1539 2612 1637 2657 rerum
1661 2597 1813 2668 dominos;
1841 2599 1888 2658 sin

131 2682 216 2753 Cum,
228 2679 306 2756 quod
321 2695 371 2754 per
385 2688 518 2741 natumm
532 2688 657 2752 amatur,
673 2682 756 2742 nullo
768 2689 886 2757 cogente
899 2682 989 2757 depo·
1030 2685 1103 2754 posl,
1118 2697 1170 2756 per
1182 2680 1216 2740 B.
1233 2682 1310 2742 Petri
1328 2684 1427 2743 sedem
1445 2692 1531 2760 caput
1548 2685 1627 2746 orbis
1642 2686 1773 2747 alimum
1787 2686 1867 2747 vides
1877 2706 1887 2760 ;

132 2776 217 2841 nunt,
233 2775 261 2828 et
276 2768 354 2844 quod
367 2771 535 2830 naturaliter
550 2772 736 2842 exhorretur,
752 2771 806 2845 ipsi
820 2786 874 2830 sua
888 2768 1055 2853 spontanei
1067 2770 1146 2830 viros
1158 2770 1211 2846 qui
1229 2782 1424 2846 provenerant
1437 2773 1470 2832 in
1493 2789 1538 2846 aa,
1551 2782 1646 2836 mente
1662 2776 1804 2849 revolvas,
1818 2791 1887 2837 con·

132 2865 305 2935 sequuntur.
321 2859 403 2931 Quod
415 2860 561 2936 siquidem
573 2861 680 2920 mentis
694 2862 794 2934 robur,
809 2862 943 2937 quamvis
956 2864 989 2922 in
1031 2858 1098 2918 silio
1125 2867 1235 2933 mutos,
1260 2869 1393 2923 strenuos
1418 2863 1519 2935 armis,
1548 2864 1719 2925 tortitudine
1745 2854 1888 2939 ammos,

133 2947 205 3007 viris
220 2947 291 3023 ipsis
307 2949 440 3010 mirabile
458 2949 505 3022 sit,
521 2956 548 3010 et
562 2951 686 3009 summis
703 2950 840 3011 laudibus
855 2950 988 3026 dignum,
1031 2953 1201 3021 presumas
1227 2950 1360 3025 justitia,
1392 2952 1553 3012 moderatos
1579 2953 1611 3012 in
1638 2953 1726 3013 rebus
1751 2954 1889 3016 omnibus

133 3038 219 3113 longe
241 3045 337 3099 brnen
364 3047 407 3100 est
429 3041 592 3102 mirabilius
615 3047 642 3100 et
663 3040 842 3102 laudabilius
861 3043 894 3101 in
915 3058 990 3102 sexu
1030 3037 1242 3112 comprobabis.
1263 3039 1362 3099 Unum
1384 3040 1462 3115 quod
1487 3047 1553 3100 ante
1574 3042 1724 3101 Christum
1745 3043 1890 3114 uetuerat,

132 3125 202 3185 501
229 3130 364 3203 femineo,
387 3132 439 3207 qui
466 3131 620 3205 [rigiditate
645 3148 707 3191 suaa
732 3137 843 3191 naturae
869 3132 990 3193 timidus
1031 3124 1099 3184 fidei
1122 3125 1231 3187 scilicet
1256 3129 1355 3202 pietas,
1375 3145 1426 3203 per
1444 3130 1561 3190 Petrum
1580 3130 1669 3199 illata,
1689 3134 1803 3206 urbem,
1822 3148 1889 3208 oua

130 3224 159 3276 et
184 3217 281 3278 mollis
301 3226 365 3292 est;
388 3227 415 3280 et
440 3220 514 3280 sicut
538 3218 623 3278 bellis
649 3219 847 3294 ineptissimus
870 3225 924 3289 est,
950 3220 989 3279 ita
1030 3220 1149 3274 eatenus
1171 3215 1200 3274 iu
1223 3217 1335 3276 efflictis
1357 3223 1473 3277 caelcrae
1497 3226 1693 3293 superaverat,
1723 3219 1887 3279 ssssbffilalil

13 3344 19 3355 .
128 3306 240 3381 gladios
265 3309 326 3368 odit
350 3318 378 3369 et
404 3325 501 3381 arma;
529 3317 556 3369 el
583 3325 641 3369 nou
669 3308 763 3368 solum
790 3313 988 3382 conspectum,
1029 3300 1111 3374 adeo,
1128 3310 1159 3363 ut
1174 3303 1204 3363 in
1221 3305 1277 3364 hoc
1294 3304 1382 3364 etiam
1398 3314 1516 3366 careas
1534 3308 1692 3367 antecedat.
1712 3306 1787 3378 Quid
1807 3308 1887 3368 euim

130 3394 180 3456 sed
207 3402 234 3455 et
258 3397 430 3458 memoriam
455 3397 608 3473 sanguinis
631 3396 831 3472 perhorrescit.
852 3395 923 3453 llaec
941 3395 988 3454 id·
1030 3391 1155 3453 subiciat
1172 3409 1328 3454 numerare
1346 3396 1423 3469 quod
1445 3396 1535 3470 hujus
1548 3396 1629 3456 urhis
1643 3396 1887 3471 indigenaechri-

131 3484 207 3544 οἰιοο
225 3486 416 3560 praemiserim
434 3495 467 3546 ut
485 3487 662 3561 intelligatis,
684 3485 785 3545 iratres
812 3482 987 3557 charissimi,
1029 3480 1134 3541 stianis
1152 3482 1329 3556 temporibus
1348 3482 1423 3542 bello
1441 3499 1568 3560 paceque
1587 3485 1767 3545 claruerint?
1788 3484 1887 3545 Vincit

131 3574 233 3651 qualus
245 3582 423 3652 quanteque
435 3577 494 3636 sint
508 3576 646 3649 virgines,
659 3577 695 3635 ad
709 3589 832 3650 quarum
848 3572 989 3633 solemnia
1030 3568 1150 3643 quidem
1162 3570 1329 3645 opinionem
1345 3586 1447 3631 eorum
1466 3587 1618 3646 numerus,
1637 3573 1729 3633 vincit
1744 3579 1773 3633 et
1787 3573 1887 3634 tidem.

133 3662 295 3722 convenitis
318 3662 404 3732 (352),
426 3663 458 3722 in
485 3664 593 3739 quibus
617 3679 675 3722 non
697 3661 792 3721 solum
818 3662 989 3736 religionem
1032 3653 1088 3715 Sed
1112 3656 1189 3715 inter
1206 3672 1255 3717 eos
1277 3658 1327 3733 qui
1348 3659 1526 3720 cruciatibus
1547 3662 1609 3721 suis
1629 3677 1754 3737 regnum
1772 3663 1888 3723 caeleste

134 3751 267 3810 venerari
284 3751 432 3824 debenms,
454 3767 507 3811 nec
527 3753 723 3825 virginitatem
746 3758 868 3824 tantum,
889 3752 940 3811 sed
961 3757 990 3810 et
1032 3748 1150 3806 mercati
1164 3749 1299 3819 sunthae
1315 3749 1511 3824 nimirum,ad
1527 3765 1651 3825 quanm
1663 3749 1887 3811 solemnium

134 3837 233 3913 ipsum
252 3840 433 3915 martyrium,
450 3856 504 3900 nec
518 3839 720 3917 qualecunque
739 3840 924 3916 martyrium,
941 3839 991 3898 sed
1033 3836 1204 3908 convenitis,
1226 3837 1380 3912 specialem
1403 3839 1535 3899 obtinent
1560 3840 1741 3914 dignitatem.
1765 3840 1888 3901 Virilem

135 3928 192 3989 tale
209 3928 245 3988 ad
263 3931 341 4004 quod
359 3930 430 4007 ipsae
449 3947 503 3991 sua
520 3940 622 4006 sponte
636 3933 671 3991 de
686 3933 804 3991 remotis
823 3930 992 4005 regionibus
1032 3925 1178 3999 siquidem
1205 3926 1338 3986 animum
1365 3927 1542 4001 induentes,
1576 3929 1678 3990 Romae
1710 3928 1888 4006 progenitas,

135 4034 195 4079 non
212 4034 296 4080 meus
313 4033 402 4093 uuam
420 4019 456 4078 ad
479 4036 609 4080 summas
627 4021 744 4080 delicias
771 4035 934 4080 cucurrere.
955 4018 989 4077 ln
1031 4012 1133 4073 Romae
1151 4014 1368 4088 religiosissime
1391 4018 1496 4089 vivere,
1514 4018 1614 4078 Romae
1629 4018 1750 4094 defungi
1767 4020 1888 4080 demum

132 4122 192 4183 quc
210 4124 334 4169 summas
354 4108 532 4170 tortitudinis
549 4116 616 4169 actu
635 4124 693 4169 non
720 4109 814 4169 solum
833 4109 989 4179 emicuere,
1032 4104 1261 4163 constantissime
1281 4113 1457 4167 meruerunt.
1479 4106 1618 4168 Gloriosa
1642 4107 1734 4183 igitur
1759 4108 1889 4182 virgines

132 4196 183 4257 aad
211 4198 298 4257 eliam
326 4214 388 4260 suae
415 4198 588 4274 virginitatis
618 4199 772 4274 exemplo,
802 4198 991 4258 barbarorum
1033 4191 1118 4250 Flora
1135 4197 1163 4251 ei
1184 4192 1294 4252 Lucilla
1312 4209 1433 4266 Sorores,
1449 4196 1627 4271 temporibus
1641 4195 1889 4271 quantumintel·

133 4301 232 4362 regem
250 4288 381 4348 nondum
399 4287 578 4364 baptismatis
597 4288 677 4348 unda
697 4295 839 4359 mnarum,
858 4289 896 4349 ad
915 4288 991 4348 idem
1034 4279 1085 4355 ligi
1100 4286 1199 4355 potest,
1219 4287 1248 4340 ei
1261 4281 1357 4354 datur,
1370 4284 1523 4357 Antonini,
1538 4291 1730 4361 cognomento
1744 4284 1790 4345 Pii
1803 4285 1889 4357 (354),

132 4383 299 4448 certamen,
327 4377 428 4437 eodem
455 4377 641 4437 subeundum
669 4378 775 4436 affectu
806 4365 992 4437 aemul'atione
1032 4384 1101 4429 cum
1127 4369 1229 4429 Romae
1256 4372 1319 4431 suis
1346 4372 1453 4432 sanclis
1481 4374 1611 4433 moribus
1637 4374 1668 4433 in
1689 4375 1891 4449 conspectibus

133 4466 324 4537 muchaima,
347 4466 557 4540 perduxerunt.
578 4466 655 4537 Quas
674 4467 794 4540 quidem
814 4467 941 4540 virgines
963 4471 991 4524 et
1033 4458 1144 4517 divinis
1167 4460 1316 4534 arderent,
1347 4462 1416 4520 loris
1444 4478 1511 4521 vero
1543 4462 1705 4522 secundum
1735 4463 1890 4522 nominum
1968 4474 1975 4481 ·

135 4570 233 4630 mem
261 4556 286 4615 si
311 4572 514 4630 comparemus
540 4556 576 4615 ad
605 4556 731 4615 invicem
758 4556 788 4613 in
813 4562 879 4614 actu
904 4560 992 4612 tantae
1035 4562 1158 4606 sucrum
1180 4550 1381 4622 proprietatem
1402 4550 1537 4609 florerent
1555 4556 1583 4608 et
1601 4548 1742 4621 lucerent,
1755 4551 1891 4625 apostoli·

135 4644 263 4716 virtutis,
282 4660 357 4705 sexu
376 4646 494 4722 quidem
513 4652 649 4722 superant
669 4645 772 4719 pietate
792 4651 820 4703 et
839 4642 992 4717 exemplo,
1034 4651 1098 4695 cum
1117 4635 1207 4695 vitain
1228 4636 1406 4710 delegerunt,
1426 4654 1484 4713 <llll
1504 4654 1534 4697 se
1555 4653 1572 4696 a
1591 4644 1770 4697 lellesssslssffl
1792 4654 1891 4699 amore

135 4739 310 4807 superantur
323 4740 451 4794 autema
469 4750 545 4809 rege,
559 4735 636 4810 quod
652 4735 677 4794 is
692 4734 823 4794 nondum
840 4747 993 4805 regenera-
1036 4727 1225 4799 relraherent,
1244 4735 1272 4786 et
1291 4728 1418 4802 corporis
1435 4727 1481 4787 sui
1501 4728 1676 4788 mactillcata
1696 4728 1813 4787 macula
1832 4745 1889 4804 pu-

143 4826 191 4880 tus
208 4821 240 4881 in
259 4822 382 4894 Christo,
403 4822 567 4882 tirocinium
587 4837 673 4882 suum
692 4839 710 4881 a
728 4830 805 4902 tantu
824 4820 995 4881 celsitudine
1036 4815 1144 4876 dicitius
1163 4815 1387 4876 sanctificatione
1407 4817 1522 4877 litarent
1538 4837 1544 4877 :
1561 4825 1590 4877 et
1603 4834 1671 4893 quae
1687 4825 1827 4877 noverant
1843 4834 1895 4893 per

143 4909 326 4985 perfectionis
350 4911 466 4988 incepit,
493 4918 525 4973 ut
549 4913 630 4986 prius
656 4918 766 4987 martyr
790 4914 882 4985 tieret,
907 4924 996 4986 quarn
1038 4904 1203 4980 superbiam
1217 4905 1335 4978 angelos
1349 4905 1502 4976 corruisse,
1515 4921 1566 4981 per
1577 4906 1771 4966 humilitatem
1783 4907 1840 4967 sihi
1854 4908 1891 4967 ad

143 4997 210 5058 fidei
225 5000 384 5074 susciperet
396 5009 626 5072 sacramentum;
642 5001 734 5074 etqui
752 4998 828 5061 lotus
844 5016 920 5077 aqua
939 5016 996 5059 non
1038 4995 1126 5055 coelos
1136 5001 1270 5070 pararent
1283 5012 1446 5057 ascensum.
1463 4997 1537 5056 tium
1550 4997 1640 5072 igitur
1651 5013 1702 5073 per
1714 5000 1778 5059 hae
1790 5006 1818 5058 et
1835 5000 1893 5060 alia

144 5086 248 5159 luerat,
267 5102 320 5149 suo
336 5090 478 5163 sangnine
497 5090 650 5150 lavaretur.
670 5088 694 5148 0
713 5105 779 5150 vere
801 5088 997 5166 spectaculum
1038 5089 1187 5149 benefacta
1213 5088 1271 5148 lieo
1295 5088 1523 5163 hominibusque
1545 5089 1709 5164 placerentt
1735 5089 1827 5150 voluit
1846 5104 1895 5149 eas

856 5235 883 5296 J.
903 5231 1039 5295 aarum
1059 5229 1179 5292 ΝΟΜ).

178 5350 246 5419 (352)
265 5348 333 5406 hine
348 5353 448 5420 colligo
466 5346 537 5407 bane
552 5354 739 5409 narrationem
754 5353 783 5407 ln
796 5362 887 5408 annua
905 5354 1002 5408 barum
1043 5353 1154 5414 scripta,
1169 5349 1215 5403 vel
1229 5345 1373 5404 hadltlone
1383 5348 1516 5405 duuuxat
1526 5350 1647 5417 caeru.

145 5422 282 5487 thanum
296 5423 440 5480 testivitate
453 5426 603 5480 lnstttutam
621 5426 743 5492 essem).
1074 5420 1141 5486 (att)
1168 5421 1316 5474 intentans
1347 5421 1408 5474 Plus
1435 5422 1469 5474 ab
1499 5434 1570 5476 auno
1600 5422 1695 5476 christi
1730 5420 1774 5476 tat
1804 5426 1894 5489 mous

177 5493 245 5561 (³5³)
260 5494 317 5550 lton
334 5496 497 5563 exprimitur
512 5499 603 5550 utrum
621 5496 679 5550 hec
701 5497 813 5550 historia
834 5498 899 5550 lune
919 5495 1004 5551 luerit
1043 5492 1078 5547 ad
1097 5491 1137 5544 lcl
1152 5490 1300 5546 hommum
1311 5492 1561 5558 impertnmtcnult.

178 5626 219 5693 (a)
238 5625 352 5684 munt
362 5630 395 5684 t'n
408 5632 428 5684 t.
447 5625 493 5684 tlt
502 5628 569 5685 turs
581 5627 769 5685 Bctuottout.
