4100 6209
146 294 198 354 ass
382 266 387 271 “
748 282 860 345 tiana
879 280 1053 359 ociosus,
1075 290 1193 351 srisr.
1214 294 1293 354 xiii.
1841 308 1894 367 aas

141 419 259 495 quidem
278 417 386 476 Christi
404 414 543 475 divinitas
560 431 577 472 a
595 428 681 472 carne
699 414 838 487 potuisset
853 412 970 485 abjungi
986 419 1187 492 mmmmm,
1209 422 1306 482 311000
1327 431 1414 500 atque
1437 426 1594 488 adventitio
1622 431 1697 490 ime,
1723 448 1772 492 ωε
1794 438 1894 498 ammo

140 505 271 580 alioquin
292 520 349 563 nou
369 511 444 563 esset
463 518 550 562 ierus
568 501 655 572 Dens,
672 502 698 559 si
712 501 759 560 rel
774 502 803 560 iii
820 501 882 572 ipso
898 502 997 559 mortis
1039 516 1231 580 perseverant.
1254 510 1345 570 Gebal
1367 512 1473 573 dicitur
1486 519 1569 574 neith
1586 535 1669 586 nono,
1685 537 1736 593 per
1749 526 1827 599 quod
1843 526 1894 585 de-

138 595 264 655 articulo
275 594 419 653 desineret
432 607 494 649 esse
505 589 592 649 Deus.
607 589 682 647 Hinc
692 588 823 662 estquod
833 587 873 646 ait
884 588 917 647 B.
929 592 998 647 Ani·
1039 595 1191 666 signantur
1212 599 1234 657 ii
1261 601 1312 675 qui
1337 602 1471 663 simulate
1496 615 1565 664 sunt
1586 610 1681 680 mites,
1704 618 1731 670 et
1759 612 1898 675 fallaciter

138 684 279 742 brosius:
304 706 315 733 ι
336 682 408 740 Caro
433 678 552 753 quidem
580 677 687 737 Christi
712 677 839 749 gustavit
863 683 996 748 mortem,
1039 684 1175 743 humiles,
1192 687 1319 747 Ammon
1334 689 1539 763 interpretatu,
1556 699 1677 768 populu,
1695 702 1832 769 mm,
1848 703 1896 764 vel

138 773 189 831 sed
210 770 397 846 impassibilis
415 768 469 827 liei
488 770 581 828 virtus
598 783 657 826 non
675 766 768 826 e'xiiiit
786 767 822 825 de
837 782 964 841 corpore.
983 789 995 818 i
1036 775 1157 844 populus
1176 779 1315 845 iourorim
1338 778 1446 851 quibus
1460 781 1569 841 scilicet
1584 783 1628 843 illi
1642 786 1747 846 debent
1761 790 1895 868 intelligi,

138 859 262 932 blagmis
276 858 363 916 etiam
378 856 437 916 Leo
451 871 522 929 papa
536 871 592 913 nnn
608 854 752 928 disparem
770 854 859 927 hujus
873 854 915 911 rei
929 867 997 927 pru-
1039 864 1091 938 quq
1104 865 1174 925 dum
1191 881 1265 926 nova
1279 869 1408 928 doctam
1423 874 1562 947 populum
1577 877 1685 944 senice,
1698 880 1825 956 turbam,
1840 884 1897 944 Ec.

138 948 247 1008 tulitin
263 962 317 1006 sun
331 960 463 1004 sermone
475 943 648 1002 sententiam
663 968 669 1001 :
687 969 700 994 a
718 942 781 1001 Nisi
797 941 934 1014 Verbum,
949 941 998 999 in·
1039 951 1135 1011 01quae
1149 954 1201 1013 [iet
1216 971 1368 1017 moeroiem
1382 966 1468 1037 arque
1483 963 1627 1024 trisittiam
1642 977 1792 1042 generant,
1806 973 1897 1032 Ama.

136 1036 214 1111 quit,
238 1050 305 1093 caro
329 1035 419 1103 lieret,
444 1039 472 1091 et
497 1039 556 1090 tam
577 1031 667 1090 salida
690 1031 826 1089 existeret
845 1031 943 1089 unitas
966 1032 997 1089 iu
1041 1040 1102 1099 lech
1118 1041 1353 1117 diciturpnputas
1367 1049 1483 1117 pum,
1499 1065 1550 1124 pe,
1574 1068 1647 1127 quos
1668 1054 1770 1131 utique
1789 1058 1898 1120 Christi

138 1134 263 1199 umque
292 1128 406 1193 fliium,
439 1129 470 1181 Ul
496 1137 513 1179 ὃ
542 1120 717 1194 suscipiente
743 1126 914 1193 Ssssoehiitffli
945 1134 998 1177 110⁰
1040 1129 1230 1203 designantur
1243 1131 1366 1204 inimici,
1381 1134 1417 1193 de
1429 1136 1537 1210 quibus
1550 1140 1580 1196 in
1593 1141 1703 1213 psalmo
1714 1143 1896 1208 dictumest:

138 1217 235 1288 ipsum
252 1213 338 1270 breve
353 1211 452 1269 mortis
468 1218 581 1283 tempus
593 1208 773 1282 abjungeret,
783 1221 936 1280 nunquam
953 1221 998 1264 ia·
1042 1218 1108 1275 «Ei
1122 1218 1234 1278 inimici
1249 1220 1311 1294 eju,
1328 1230 1431 1281 perram
1450 1222 1561 1298 fingent
1572 1230 1657 1295 (pm
1673 1236 1769 1302 ml).
1786 1253 1800 1286 s
1815 1235 1898 1294 Alie·

138 1306 212 1364 ¹⁰ffli
229 1305 265 1363 id
285 1301 474 1361 aeissfflifflissm
494 1301 587 1359 mdlse
607 1297 775 1358 “mimim-
794 1321 808 1348 t
822 1296 903 1355 Idem
922 1311 997 1370 qno·
1041 1306 1156 1380 algena
1174 1309 1309 1382 quamvis
1326 1316 1355 1367 et
1375 1311 1437 1383 ipso
1457 1312 1575 1373 nomine
1596 1316 1699 1376 latino
1718 1336 1748 1378 se
1769 1322 1898 1382 indicent

138 1409 198 1468 ‘1¹¹0
216 1391 287 1450 alibi
304 1413 310 1447 ²
329 1416 339 1439 ⁸
358 1389 464 1461 Dt'iiflssi
483 1404 552 1463 quae
569 1387 606 1446 ab
630 1393 753 1460 Uimque
765 1387 888 1460 suscepti
905 1385 998 1444 ¹¹0ffli·
1040 1395 1159 1461 alienos,
1177 1402 1205 1469 et
1227 1397 1265 1456 nb
1287 1399 1340 1457 hoo
1357 1408 1565 1473 consequenter
1583 1404 1727 1478 inimicos,
1749 1416 1845 1470 tamen
1865 1412 1898 1471 in

140 1481 189 1539 flii
212 1480 374 1539 subdititia
395 1495 452 1537 1¹⁰ss
474 1478 599 1548 recessit,
623 1477 702 1551 qnod
727 1482 864 1550 Ρθῑθὸῐθῑθ
887 1475 997 1544 divisit,
1042 1481 1167 1542 Hebrmo
1183 1484 1322 1544 dicuntur
1336 1485 1523 1560 philisthiim,
1540 1493 1617 1564 quod
1632 1494 1897 1570 interpretatores-

140 1576 281 1646 potestate
304 1568 466 1644 conjunxit.
497 1593 510 1616 »ι
538 1567 625 1626 Porro
650 1573 746 1625 autem
775 1581 827 1624 ios
852 1564 999 1623 Christum
1041 1575 1134 1630 dentes
1157 1577 1308 1646 potatione.
1336 1575 1391 1635 Per
1415 1592 1489 1652 quos
1515 1584 1722 1654 exprimuntur
1748 1582 1802 1658 illi,
1824 1602 1898 1662 quos

139 1684 201 1728 unii
222 1664 362 1736 diriditis,
382 1664 431 1722 sed
450 1661 618 1733 Ecclesiam,
638 1677 705 1735 quae
729 1677 835 1736 corpus
858 1661 921 1735 ejus
944 1669 997 1730 est,
1042 1661 1413 1731 luxuriacaruisiuebriat‚
1429 1673 1457 1725 et
1473 1669 1557 1741 quasi
1572 1686 1632 1744 prae
1650 1672 1740 1733 nimia
1752 1676 1898 1749 potatione

72 1826 74 1828 ,
139 1755 275 1815 dividere
293 1769 352 1811 oon
370 1751 485 1811 timetis.
506 1750 555 1809 Ait
573 1750 651 1809 enim
670 1749 847 1823 Apostolus:
867 1774 877 1799 υ
895 1748 1186 1834 Adim·Bcadentes,
1200 1752 1231 1811 iii
1248 1753 1488 1831 imapraecipitat.
1511 1758 1608 1832 Tyrus
1626 1762 1726 1832 etiam,
1748 1780 1815 1839 qnae
1838 1764 1897 1824 ΗΘ.

141 1846 209 1919 plen
223 1860 258 1903 ea
271 1857 337 1916 quae
354 1841 459 1901 desunt
472 1840 642 1914 passionum
656 1838 761 1898 Christi
775 1839 805 1897 in
823 1854 910 1897 carne
924 1853 998 1910 mea,
1043 1840 1139 1901 braine
1158 1857 1219 1900 sors
1237 1842 1355 1915 dicitur,
1374 1850 1505 1915 ancusae
1523 1848 1585 1909 sive
1601 1854 1744 1911 htbuhtio
1757 1854 1900 1929 interpre-

141 1951 196 2009 pro
214 1948 332 2006 corpore
350 1932 423 2004 ejus,
443 1930 521 2005 quod
534 1939 577 1989 est
590 1930 717 1989 Ecclesia
734 1933 802 2000 (dot.
820 1934 851 1999 i).
869 1954 879 1978 ·
896 1928 1000 1987 Enim·
1046 1936 1123 1988 tatur
1138 1950 1144 1989 :
1151 1946 1218 2021 qno
1231 1932 1278 1991 illi
1293 1932 1429 1994 videntur
1443 1939 1594 2011 perspicue
1611 1940 1767 2016 designari,
1782 1944 1835 2019 qui
1849 1960 1900 2019 per

141 2038 214 2080 vero
233 2020 342 2079 milites
361 2019 441 2078 veriti
461 2026 529 2079 sunt
552 2019 668 2078 Domini
695 2018 825 2077 scindere
851 2017 1000 2085 tunicam3
1044 2021 1201 2094 impietatis
1220 2038 1306 2097 opera
1326 2034 1472 2100 perpetuae
1490 2029 1670 2090 tribulationi
1690 2033 1736 2092 vel
1758 2035 1902 2109 angustias

141 2128 199 2172 ros
214 2111 376 2184 discerpere
394 2125 452 2168 non
475 2109 634 2187 formidatis
651 2109 808 2168 Ecclesiam
824 2128 831 2166 z
846 2108 897 2182 qui
917 2105 1004 2164 ninii·
1037 2112 1205 2186 ‘probantur
1230 2110 1361 2170 obnoxii.
1392 2113 1505 2173 Madian
1532 2116 1736 2191 interpretatur
1761 2121 1902 2178 detineas

142 2219 212 2263 rum
227 2217 286 2261 non
302 2201 408 2258 idciroo
423 2199 616 2259 Ecclesiarum
631 2199 710 2258 lucra
722 2197 904 2272 conquiritis,
922 2202 954 2253 ut
966 2194 1002 2253 ail
1043 2202 1192 2271 judicium.
1208 2198 1255 2260 llli
1269 2201 1355 2274 plane
1364 2203 1508 2275 judicium
1521 2205 1678 2280 declinant,
1694 2210 1745 2282 qui
1760 2208 1903 2284 dogmati.

140 2290 371 2352 consecrationis
392 2290 515 2363 gratiam
542 2291 739 2350 conscendatis
766 2311 774 2348 ι
803 2290 852 2348 sed
882 2285 1004 2347 necesa-
1048 2286 1139 2346 cando
1152 2301 1296 2360 perversa,
1310 2288 1419 2348 divinae
1433 2290 1505 2365 legis
1514 2291 1657 2366 justitiam
1673 2293 1791 2356 violant.
1807 2295 1904 2356 sisara

142 2387 204 2439 tate
224 2377 377 2452 compulsi,
397 2378 462 2436 iden
480 2378 616 2451 patimini
634 2380 890 2447 consecrationem,
908 2385 940 2435 ut
957 2392 1005 2435 eo·
1048 2376 1155 2434 dicitur
1168 2379 1288 2433 ecclesio
1302 2379 1420 2448 poodii3
1439 2385 1467 2436 et
1486 2383 1662 2456 quicumque
1681 2399 1711 2442 se
1730 2383 1857 2443 lasciviis
1878 2388 1906 2443 et

143 2471 339 2532 ctesiasiieim
362 2485 413 2527 ios
430 2484 489 2529 non
510 2470 659 2543 contingat
675 2469 806 2528 amittere
829 2468 1003 2526 facultatem.
1048 2466 1213 2526 carnalibus
1227 2467 1380 2528 lenociniis
1391 2469 1554 2544 petulanter
1565 2472 1752 2548 immergunt,
1765 2475 1906 2549 gaudium

143 2561 208 2619 Nec
224 2560 260 2617 ad
280 2559 332 2616 hoc
346 2555 497 2625 anhelatis,
518 2566 550 2617 ut
568 2558 736 2617 efficiamini
755 2557 892 2617 Ecclesia
911 2573 1005 2615 sacer·
1025 2632 1031 2639 .
1049 2572 1067 2615 a
1083 2572 1113 2614 se
1128 2570 1263 2629 supernas
1284 2555 1425 2615 felicitatis
1442 2558 1613 2620 excludunt.
1633 2560 1719 2620 labin
1739 2561 1846 2620 dicitnr
1863 2579 1908 2619 sa·

142 2652 253 2711 dotes:
270 2649 370 2708 sedad
389 2650 443 2708 hoc
459 2656 580 2718 tantum
597 2650 723 2709 utielut
738 2645 1007 2720 haereditarioquo·
1047 2650 1137 2718 pteris,
1161 2645 1237 2719 qnod
1261 2660 1310 2718 per
1333 2646 1525 2721 antiphrasim
1550 2649 1585 2707 de
1607 2649 1667 2709 illis
1684 2651 1907 2727 intelligendum

143 2743 218 2801 dam
239 2743 305 2815 jure
324 2740 388 2798 sitis
405 2740 561 2799 sanctuarii
582 2756 767 2814 possessores.
790 2738 857 2796 lllos
875 2736 1009 2795 videlicet
1051 2744 1102 2804 est,
1128 2733 1163 2792 do
1185 2733 1292 2806 quibus
1314 2734 1384 2793 dicit
1405 2736 1581 2810 Apostolus:
1602 2764 1612 2788 ι
1630 2738 1686 2798 Ubi
1710 2741 1835 2815 sapiens,
1856 2742 1910 2802 ubi

145 2832 310 2901 imitantes,
336 2832 387 2903 qui
408 2831 494 2905 juxta
519 2828 612 2888 David
634 2829 818 2887 vaticinantis
843 2825 1007 2893 oraculum,
1051 2823 1155 2894 scriba,
1180 2823 1233 2882 ubi
1257 2823 1435 2896 conquisitor
1455 2824 1544 2900 hujus
1566 2826 1692 2887 saecnlil
1713 2856 1727 2879 »
1751 2831 1774 2903 (l
1796 2833 1856 2889 cor.
1880 2833 1911 2903 i.)

143 2922 292 2980 dixerunt
317 2944 324 2977 :
350 2942 363 2968 ι
388 2918 563 2977 Hereditate
585 2920 784 2992 possideamus
810 2916 1009 2976 sanctuarinm
1053 2913 1155 2972 Nonne
1170 2912 1288 2971 stultam
1305 2911 1370 2970 lecit
1389 2911 1466 2972 Deus
1485 2914 1656 2988 sapientiam
1675 2918 1763 2994 hujus
1782 2919 1911 2980 saeculi?

146 3010 200 3068 Dei
213 3010 305 3079 (Psoi.
320 3014 449 3076 cxxxii).
465 3027 478 3059 i
493 3006 534 3065 De
547 3006 656 3081 quibus
668 3009 700 3066 in
712 3007 811 3065 eodem
829 3007 939 3079 psalmo
952 3003 1010 3061 Deo
1053 3003 1127 3061 0reb
1144 3004 1348 3073 interpretatur
1363 3005 1490 3071 steritem
1506 3011 1533 3062 et
1548 3004 1599 3079 qui
1612 3012 1686 3065 aestu
1701 3006 1911 3082 concupiscen-

144 3100 260 3160 dicitur
288 3118 295 3156 ε
328 3122 340 3149 ι
370 3097 512 3167 Quoniam
548 3096 746 3170 cogitaverunt
773 3110 947 3155 consemum
977 3095 1007 3151 in
1021 3095 1103 3185 Gtiae
1117 3091 1241 3153 carnalis
1252 3093 1398 3165 exuritur,
1412 3094 1504 3153 imbre
1516 3094 1608 3153 sancti
1624 3094 1748 3168 Spiritus
1763 3097 1911 3159 madefieri

147 3203 269 3258 unum,
306 3186 462 3245 adversum
498 3193 524 3244 te
564 3190 768 3243 testamentum
809 3182 1013 3258 disposuerunt
1056 3198 1113 3242 noo
1130 3187 1266 3242 meretur.
1284 3182 1577 3256 Zebdiciturtupus5
1602 3184 1693 3244 Zebee
1710 3189 1834 3243 mettica.
1852 3185 1911 3245 Re-

147 3277 261 3346 (lbid.).
279 3297 293 3327 ii
311 3273 368 3332 Vos
385 3274 465 3332 enim
486 3274 549 3333 hmc
566 3273 710 3333 sententia
729 3274 860 3346 percutit,
880 3271 932 3345 qui
950 3284 1014 3327 con·
1057 3271 1137 3343 probi
1154 3286 1291 3344 namque,
1314 3272 1366 3344 qui
1388 3277 1457 3330 sunt
1475 3287 1591 3346 rapaces
1607 3273 1640 3331 in
1662 3273 1781 3347 saecula
1801 3282 1828 3335 et
1848 3272 1912 3349 lupi

148 3378 276 3423 sensum
295 3364 326 3421 in
348 3379 441 3421 unum
459 3361 599 3436 cogitatis,
615 3362 687 3422 dum
711 3364 742 3420 in
765 3377 799 3421 co
820 3360 897 3438 quod
916 3368 1015 3417 contra
1056 3367 1136 3428 sunt,
1161 3360 1268 3433 stipsi
1293 3368 1362 3419 sunt
1388 3359 1523 3430 victima;
1550 3360 1619 3434 quia
1644 3360 1715 3420 dum
1736 3361 1913 3421 infirmiores

147 3469 250 3514 sacros
268 3468 394 3512 conones
411 3453 517 3524 dicitis,
539 3469 598 3513 non
628 3454 736 3528 dispari
754 3452 850 3512 studio
869 3452 945 3509 inter
964 3465 1016 3507 ios
1056 3462 1187 3522 quosque
1201 3448 1339 3506 devorare
1353 3447 1542 3521 mutandum,
1556 3457 1584 3506 et
1597 3449 1653 3524 ipsi
1665 3449 1825 3523 spiritualis
1839 3450 1913 3524 lupi,

149 3542 337 3603 unanimiter
352 3542 548 3613 concordatim
562 3552 650 3617 atque
663 3543 803 3601 adversus
822 3542 914 3600 Deum
929 3547 1015 3598 testa·
1058 3540 1112 3598 hoo
1136 3544 1188 3607 est
1216 3535 1324 3595 diaboli
1348 3536 1483 3596 dentibus
1503 3546 1700 3611 exponuntur.
1728 3538 1783 3598 Sed
1806 3546 1838 3598 ut
1861 3540 1916 3599 hu-

150 3639 290 3690 meutum
307 3630 459 3705 disponitis
472 3631 543 3690 dum
557 3646 661 3689 uniam
676 3630 780 3703 legem,
794 3638 881 3703 atque
900 3638 1014 3686 contra·
1054 3625 1185 3703 jusmodi
1202 3625 1358 3684 nominum
1377 3624 1519 3700 expositio
1540 3627 1577 3685 ab
1598 3627 1687 3700 hujus
1710 3627 1916 3702 disputationis

149 3722 231 3779 riam
247 3718 456 3778 Ecclesiasticaa
467 3719 577 3793 regula
588 3718 788 3794 promulgatis.
803 3718 859 3788 Qui
874 3732 941 3774 vern
955 3715 1015 3773 sint
1058 3714 1160 3773 numne
1176 3729 1235 3772 non
1249 3712 1408 3785 dissentiat,
1426 3715 1510 3789 qnasi
1525 3715 1585 3789 lupi
1602 3721 1672 3774 sunt
1689 3716 1772 3776 silita
1786 3715 1916 3790 perversi

150 3808 211 3879 illi,
226 3808 281 3884 qui
298 3807 361 3865 haec
376 3814 476 3866 matra
489 3808 647 3868 Dominum
662 3809 777 3879 iaciant,
794 3808 931 3882 pmpheta
945 3805 1017 3864 sub-
1058 3800 1188 3860 doctores
1202 3801 1349 3861 Ecclesiae.
1365 3802 1421 3874 Qui
1443 3804 1584 3863 nimirum
1602 3812 1630 3863 et
1648 3804 1710 3878 lupi
1731 3813 1810 3877 sunt,
1826 3805 1917 3865 simul

149 3902 314 3971 sequenter
338 3911 523 3967 enumerans,
549 3896 716 3956 manifestat
742 3920 749 3954 ι
779 3918 790 3947 ι
819 3892 1018 3953 Tabernacula
1058 3898 1087 3950 et
1099 3891 1245 3950 viennae:
1262 3893 1334 3967 quia
1345 3893 1418 3953 duni
1431 3897 1600 3955 innocentes
1613 3911 1747 3969 quosque
1760 3895 1917 3956 relatores

150 3984 372 4055 ldnmaenrum,
389 3991 418 4041 et
431 3983 595 4055 hamelius,
610 3983 704 4055 Moab,
719 3990 747 4041 et
760 3982 899 4056 Agaroni,
915 3979 1016 4049 (lebat,
1059 3981 1186 4040 cruentis
1203 3996 1301 4055 pravae
1323 3983 1536 4056 praedicationis
1553 3984 1689 4044 dentibus
1709 3991 1844 4056 muctam,
1859 3985 1917 4060 ipsi

150 4078 184 4131 et
203 4074 346 4142 Ammon,
367 4073 517 4145 Amalech,
537 4078 565 4130 et
582 4071 755 4147 alienigenas
772 4086 839 4131 cum
858 4069 1018 4129 habitanti·
1059 4086 1176 4145 qunque
1189 4072 1290 4144 rapina
1305 4072 1381 4144 lacti,
1394 4081 1422 4132 et
1433 4074 1464 4132 in
1481 4073 1588 4134 diaboli
1603 4074 1768 4135 devorantis
1781 4076 1918 4137 intestina

150 4162 215 4221 bus
244 4160 367 4235 Tyrum.
396 4161 513 4220 Etenim
530 4164 623 4221 Assur
641 4161 729 4220 simul
753 4159 834 4218 venit
857 4175 924 4221 cuni
947 4156 1016 4215 illis.
1061 4160 1180 4235 trajecti,
1204 4159 1399 4221 insatiabilem
1426 4163 1489 4238 ejus
1515 4164 1677 4239 ingluviem
1707 4174 1846 4226 recreant.
1876 4166 1918 4226 De

150 4250 241 4310 Facti
259 4257 328 4309 sunt
346 4249 377 4309 iii
398 4248 469 4306 169
487 4252 699 4325 susceptionem
724 4250 794 4309 tiliis
814 4249 878 4308 Lot.
904 4248 959 4306 Fac
981 4246 1019 4304 il·
1060 4248 1170 4322 quibus
1192 4256 1221 4307 et
1243 4266 1293 4323 per
1317 4249 1501 4311 Psalmistam
1521 4244 1917 4315 delenimentorum

149 4339 194 4399 lis
218 4340 295 4397 sicut
314 4338 440 4412 Madian,
460 4345 488 4398 et
508 4339 622 4411 sisarae,
644 4339 719 4398 sicut
738 4338 823 4399 Jabiu
843 4337 875 4395 io
896 4342 1020 4395 torrente
1061 4339 1176 4405 interno
1203 4338 1288 4413 positi
1313 4347 1402 4410 suut,
1434 4349 1463 4400 et
1490 4357 1568 4400 mors
1596 4341 1729 4416 depascet
1756 4358 1806 4402 ens
1832 4346 1916 4412 (Prot.

149 4430 274 4489 Cissun-
290 4428 891 4504 bisperteinntinitnooiirsai.carsii),
907 4433 1020 4485 ietre-
1062 4434 1210 4492 xcviiii.»
1236 4428 1377 4487 Iliabolus
1402 4428 1472 4485 1⁷0
1497 4432 1574 4488 enim
1599 4448 1672 4487 mors
1694 4430 1818 4502 dicitur;
1843 4432 1919 4492 sicut
2028 4446 2029 4451 ’

150 4521 253 4595 liqua.
269 4517 398 4588 Quorum
418 4518 528 4577 scilicet
547 4519 701 4577 nominum
722 4517 746 4575 si
771 4478 1055 4588 interpretationesD
1065 4517 1096 4576 in
1110 4516 1280 4590 Apocalypsi
1293 4516 1433 4589 seriptum
1447 4526 1490 4575 est
1505 4541 1512 4576 ι
1530 4538 1545 4571 a
1560 4517 1635 4587 Quia
1651 4524 1711 4577 erat
1725 4533 1820 4594 equus
1833 4519 1919 4593 palb-

150 4608 350 4684 exponimus,
370 4607 473 4666 vestris
495 4608 558 4667 haec
575 4608 749 4667 concordare
774 4604 904 4663 moribus
921 4599 1019 4677 procul
1065 4603 1131 4675 dus,
1157 4603 1260 4677 etqui
1284 4602 1400 4661 sedebat
1422 4619 1509 4678 super
1531 4620 1610 4673 enni,
1640 4619 1747 4665 nomen
1770 4606 1815 4666 illi
1841 4622 1920 4666 mora

150 4696 255 4755 dubia
265 4695 434 4768 reperimus.
447 4693 571 4753 ldumaei
583 4709 710 4769 namque
719 4693 857 4752 dicuntur
866 4692 1022 4760 amputaei,
1066 4693 1160 4765 (Apso.
1174 4694 1225 4762 vit.
1240 4709 1255 4743 a
1269 4689 1438 4748 Cavendum
1451 4705 1519 4764 ergo
1535 4692 1626 4764 robis,
1642 4690 1762 4750 nedum
1778 4692 1921 4751 mortibus

151 4784 209 4843 vel
229 4787 340 4839 terrori.
357 4782 439 4853 Quod
454 4784 537 4842 robis
550 4784 651 4858 utique
665 4780 808 4857 congruit,
821 4778 874 4853 qui
887 4778 957 4836 dum
971 4777 1025 4835 ista
1067 4780 1258 4854 parvulorum
1272 4786 1396 4837 vestram
1408 4777 1518 4838 satiatis
1532 4780 1670 4850 esuriem,
1694 4789 1722 4838 et
1741 4781 1797 4854 ipsi
1815 4781 1921 4840 occulti

149 4871 348 4941 contenditis,
362 4887 478 4931 carnem
499 4881 526 4931 et
548 4872 719 4946 sanguinein
742 4884 793 4929 ins
817 4883 889 4936 esse,
910 4874 938 4925 et
960 4879 1025 4923 nm-
1067 4868 1189 4943 raptoris
1201 4866 1368 4927 efficiamini
1386 4868 1520 4940 victimae,
1535 4883 1609 4939 quas
1625 4867 1675 4926 ille
1689 4884 1781 4927 vorax
1796 4875 1823 4928 et
1841 4868 1920 4927 inso-

151 4962 237 5020 niiin
260 4967 389 5018 terrenos
406 4961 587 5034 apertissime
611 4959 825 5020 demonstratis.
842 4956 918 5015 Estis
937 4954 1025 5012 etiam
1069 4956 1176 5016 tiabilis
1189 4955 1334 5015 homicida
1347 4957 1379 5015 in
1390 4971 1442 5015 sua
1457 4956 1607 5015 transierat
1620 4954 1767 5014 alimenta.
1784 4954 1922 5015 salmana

151 5045 333 5117 ismaelita,
353 5048 380 5104 id
404 5054 456 5118 cst,
479 5049 641 5113 obedientes,
661 5062 719 5105 non
741 5045 810 5117 Deo,
831 5046 878 5103 sed
897 5042 1024 5114 mundo,
1068 5046 1174 5105 dicitur
1188 5047 1285 5103 umbra
1304 5049 1506 5115 commotionem
1521 5044 1683 5103 etcarnalis
1698 5045 1833 5120 quisquis
1848 5045 1922 5104 dum

153 5151 225 5195 non
248 5134 360 5194 divinae
382 5135 449 5209 legi,
475 5137 525 5195 sed
550 5138 640 5195 curtii.
666 5136 749 5195 llnab
773 5152 841 5195 iero
863 5133 970 5193 dicitur
992 5148 1027 5188 ea
1070 5134 1260 5195 umbraticam
1276 5135 1441 5192 felicitatem
1458 5133 1598 5209 sequitur,
1612 5134 1731 5193 veritate
1748 5141 1921 5211 contempta,

146 5233 256 5302 patre,
272 5241 325 5300 per
339 5224 582 5300 quodquoniam
605 5231 743 5299 paternus
765 5224 894 5283 incestus
914 5219 1028 5280 intelli·
1071 5228 1224 5301 pervarias
1233 5225 1338 5284 mundi
1348 5224 1593 5298 concupiscentias
1602 5233 1811 5287 commovetur.
1822 5225 1924 5286 Cissnn

149 5317 256 5391 gitur,
273 5320 369 5373 vestra
383 5330 499 5390 quoque
513 5314 634 5374 luxuria
652 5312 872 5372 condemnatur.
888 5307 1027 5383 haeredi,
1070 5321 1176 5385 antem,
1205 5314 1237 5371 in
1261 5329 1321 5389 quo
1347 5311 1457 5372 scilicet
1477 5320 1601 5373 torrente
1623 5331 1726 5374 omnes
1748 5313 1794 5375 illi
1818 5315 1925 5375 devicti

152 5403 191 5464 id
221 5408 278 5473 est,
302 5404 446 5475 proselyti,
470 5400 515 5461 vel
540 5404 660 5467 odam,
683 5416 742 5475 quo
764 5400 953 5474 designantur
974 5413 1029 5456 iio·
1071 5408 1150 5475 sunt,
1166 5403 1273 5460 emsa
1292 5419 1384 5460 mrim
1398 5402 1613 5475 interpretatur.
1635 5402 1669 5461 In
1691 5403 1799 5464 duritia
1818 5404 1925 5479 quippe

154 5494 262 5564 miae,
285 5492 337 5567 qui
357 5508 407 5566 per
427 5492 600 5551 citeriorem
625 5490 742 5566 quidem
764 5490 927 5549 societatem
949 5484 1031 5545 Chri·
1071 5510 1124 5552 sua
1139 5491 1309 5567 depereunt,
1331 5491 1383 5570 qui
1406 5507 1492 5565 prora
1511 5492 1655 5565 docentus,
1671 5494 1784 5553 veritati
1800 5494 1927 5567 pertina-

154 5581 269 5644 stisno
288 5580 394 5655 populo
412 5595 443 5640 se
459 5580 594 5640 concives
615 5580 764 5652 simulant,
778 5578 827 5638 sed
848 5576 904 5652 legi
923 5575 1031 5637 Christi
1072 5581 1144 5641 citer
1159 5588 1188 5640 et
1204 5581 1347 5642 obstinato
1364 5580 1511 5640 resistunt.
1532 5581 1631 5644 Endor
1649 5583 1746 5654 etiam,
1767 5581 1817 5641 ubi
1834 5581 1929 5655 peric-
