4100 6209
143 209 197 273 465
566 264 571 273 .
756 210 871 274 ulnus
888 209 1073 284 OCTAVUS,
1093 210 1213 273 urlsv.
1234 211 1289 273 111.
1843 212 1899 275 tit

141 335 309 398 wmdnm
326 334 455 407 judicem
476 336 587 411 populi,
612 337 654 397 sic
675 345 704 396 et
723 337 849 398 ministri
870 338 943 412 ejus,
963 336 1188 420 etininjustitiae
1211 353 1271 397 non
1294 342 1426 408 courum,
1449 335 1637 411 vigoremque
1657 336 1787 399 sentiant
1808 338 1893 415 legis,

139 423 237 500 qualis
258 430 350 484 rector
369 430 412 483 est
436 423 572 493 civitatis,
596 423 666 485 tales
692 432 721 485 et
744 425 938 485 inhabitantes
964 427 996 485 in
1038 443 1113 503 quos
1127 427 1308 488 rectitudinis
1326 427 1450 486 limitem
1468 426 1656 502 prevaricare
1674 428 1821 488 convincit
1835 428 1895 491 vio

138 531 174 574 ea
187 516 279 588 (dccii.
298 513 337 586 x).
354 534 369 567 a
384 512 497 584 Quibus
516 513 614 587 itaque
641 514 760 589 [utique]
784 513 880 573 verbis
900 522 997 589 aperte
1039 514 1300 591 lentiapravitatis,
1317 521 1349 573 ut
1362 515 1433 574 dum
1448 513 1504 586 liis,
1522 514 1574 590 qui
1597 512 1650 573 tibi
1669 513 1790 589 subiecti
1811 522 1891 587 sunt,

138 602 284 676 colligitur
309 601 379 677 quia
403 600 429 660 si
452 608 483 660 tu
505 602 666 661 servaveris
684 603 838 676 justitiam,
857 619 890 661 ac
910 600 998 676 probe
1039 623 1093 667 sua
1115 608 1221 680 cuique
1241 607 1310 682 jura
1330 612 1493 676 servantur,
1517 604 1570 663 tibi
1597 619 1714 680 quoqne
1741 604 1895 667 ministerii

138 692 231 751 lucris
246 692 353 765 justus,
374 689 447 763 justi
467 690 540 749 lient
561 707 619 752 non
643 692 726 751 modo
748 691 885 762 ministri,
903 690 999 753 sedet
1039 697 1082 757 tui
1099 710 1206 755 meroes
1218 694 1297 771 apud
1311 696 1404 755 Deum
1417 694 1506 768 digna
1521 701 1663 755 servetur.

137 780 251 856 quique
265 778 316 837 tibi
330 783 401 838 sunt
419 780 449 837 io
467 778 579 838 urbana
596 778 678 854 plebe
693 778 824 853 subjecti.
840 778 915 838 Cave
929 795 997 854 ergo
1337 815 1521 877 EPISTOLA
1542 816 1584 876 ΠΙ

138 886 177 930 ne
200 876 314 945 propter
337 867 491 942 pectiliaris
511 869 651 928 credonis
673 870 779 940 studia,
796 869 904 943 quibus
922 869 995 928 insi·
1588 862 1595 875 '

137 955 215 1019 s'tere
229 961 302 1020 forte
316 958 477 1030 contendis,
493 958 678 1034 disciplinam
695 966 753 1018 tam
774 959 997 1020 innumerabilis
1192 929 1232 977 ⁸⁰
1246 928 1403 976 mmm
1418 928 1514 1023 Vm
1527 927 1735 1039 CLAMOEQ‘

136 1048 252 1123 populi,
270 1047 323 1124 quq
343 1047 395 1107 pipp
416 1048 589 1107 commissus
606 1056 659 1120 031,
682 1049 820 1125 negligas,
836 1058 864 1108 01
883 1057 998 1126 psopter
1039 1030 1261 1089 nscuucmou.
1274 1060 1308 1072 -
1325 1028 1476 1088 Albertum
1492 1028 1658 1102 quemdam,
1673 1044 1771 1088 virum
1793 1034 1893 1103 poten·

135 1138 289 1214 proprium
312 1135 508 1205 commodum,
534 1152 721 1196 communem
747 1137 872 1196 salutem
894 1136 996 1211 illibi&
1074 1099 1896 1301 ggbigmnfflr'gnatibuisl'gsibtifflgartissugevielrseiffiffi{132

1876 1258 1895 1303 o

134 1243 207 1303 lluffl
234 1225 378 1300 justitiam
412 1240 429 1283 ὃ
462 1232 489 1284 ¹⁰
523 1226 723 1300 ilfaeS¹⁰¹³¹1¹f2
756 1225 882 1286 Omma&
917 1225 996 1286 Seli·
1074 1242 1194 1317 epistola
1207 1243 1381 1313 cohortatur,
1397 1250 1545 1317 propterea
1558 1241 1636 1315 quod
1649 1242 1781 1302 andierat

134 1324 220 1391 ptum
238 1315 345 1391 quippe
366 1319 434 1373 est:
460 1337 471 1367 ι
494 1313 549 1385 Qui
571 1322 722 1374 moservat
743 1314 837 1390 legem
856 1315 997 1391 multipli-
1076 1322 1197 1371 matrem
1210 1328 1269 1373 non
1285 1316 1317 1374 in
1336 1329 1370 1373 eo
1388 1330 1447 1388 quo
1462 1314 1578 1372 decebat
1593 1314 1701 1373 bonore
1714 1329 1775 1388 praa
1792 1314 1895 1374 uxoris

134 1412 182 1465 cat
195 1406 354 1465 orationem
366 1423 374 1473 3
388 1410 416 1463 at
426 1404 603 1464 sacriticium
616 1404 742 1464 salutare
753 1404 899 1465 attendere
912 1420 997 1464 man·
1074 1400 1172 1444 ³ffl⁰l0
1187 1384 1296 1445 habeli-
1310 1384 1392 1456 0¹¹⁰d
1407 1391 1437 1444 1¹¹
1450 1399 1539 1459 giale
1552 1399 1663 1443 Cflffless
1674 1391 1839 1459 effigiemt-

134 1495 213 1554 datis
226 1498 323 1566 (dccli
339 1499 451 1565 xxxv).
469 1495 644 1555 »iustitiam
670 1512 738 1570 ergo
758 1497 849 1556 lacere
866 1495 936 1573 quid
954 1503 997 1556 est
1074 1492 1213 1551 munuc
1233 1491 1393 1551 cladssimo
1420 1491 1483 1550 viro
1507 1491 1623 1552 Passus
1645 1500 1774 1567 peccator
1792 1508 1894 1553 mona-

133 1583 218 1642 alind
231 1598 320 1657 qnam
331 1582 436 1642 orare?
450 1583 531 1643 Alibi
542 1586 808 1661 quoquescriptum
819 1591 862 1646 est
877 1605 884 1645 :
899 1609 911 1639 ι
927 1585 996 1644 Jus-
1037 1581 1111 1641 chus
1123 1581 1247 1642 saluum
1261 1582 1293 1641 in
1308 1580 1441 1641 minino.

134 1671 199 1730 titia
219 1668 314 1730 elevat
334 1671 441 1746 gratias
465 1672 581 1749 [gentes]
603 1677 692 1748 (Pras.
715 1676 788 1749 xiv).
817 1698 831 1729 s
855 1675 891 1734 Et
916 1673 1026 1761 Paul-B
1074 1672 1190 1734 Divinae
1213 1674 1285 1748 legis
1310 1672 1445 1733 mandata
1468 1673 1568 1747 procul
1590 1673 1682 1734 dubio
1699 1673 1820 1749 despicit
1843 1675 1896 1748 qui

133 1760 244 1821 mista:
263 1784 274 1810 ·
294 1759 382 1830 Beati,
409 1760 516 1835 inquit,
538 1762 589 1837 qul
609 1763 780 1823 custodiunt
798 1763 942 1838 judicium
968 1772 997 1824 et
1037 1760 1150 1819 delerre
1180 1762 1347 1837 parentibus
1384 1760 1582 1835 parvipendit,
1619 1761 1669 1838 qui
1696 1761 1758 1822 suis
1785 1759 1895 1836 genito·

133 1850 249 1910 iaciunt
265 1850 409 1924 iustitiam
425 1850 455 1909 in
471 1851 552 1910 omni
567 1856 693 1928 tempore
708 1854 820 1928 (Psalm.
835 1856 893 1928 cv).
909 1878 921 1907 ι
1038 1848 1119 1908 ribus
1137 1866 1196 1910 non
1219 1849 1326 1921 obedit,
1350 1848 1434 1909 sortis
1457 1848 1622 1909 tuniculam
1645 1849 1677 1909 in
1701 1855 1775 1909 terra
1796 1849 1895 1909 viven-

168 1939 292 1999 Memini
316 1942 401 2015 plane
422 1941 702 2002 excellentissimum
725 1942 829 2003 ducein
854 1944 996 2005 Gotbilre-
1037 1937 1112 1997 lium
1135 1954 1195 1998 110ss
1218 1938 1354 1999 admittit.
1381 1940 1445 2010 0⁰⁰
1468 1946 1568 1998 contra
1597 1935 1670 1994 27³
1697 1955 1748 2016 liet
1774 1940 1893 2014 Moysen

132 2029 206 2088 dum
230 2029 302 2089 mibi
320 2030 454 2091 retulisse
473 2047 540 2106 quau
557 2031 672 2091 utiba:
689 2032 870 2105 Avunculus,
886 2033 994 2109 iuquit,
1036 2027 1137 2087 divina
1160 2044 1230 2088 voce
1254 2028 1420 2103 precipitur
1444 2052 1451 2086 ι
1481 2049 1495 2083 α
1524 2028 1642 2088 Honora
1668 2037 1777 2104 patrem
1808 2036 1891 2091 tuum

133 2133 229 2188 mens,
245 2133 329 2193 aeque
343 2118 463 2178 nomine
475 2119 673 2193 Gotbilredus,
683 2128 847 2196 praepotens
861 2120 995 2180 videlicet
1036 2123 1064 2174 et
1089 2124 1219 2188 matrem,
1248 2124 1280 2176 ut
1307 2117 1347 2176 sis
1374 2116 1526 2192 longevus
1548 2132 1635 2192 super
1664 2122 1769 2177 terram
1792 2119 1892 2186 [Eood.

132 2207 189 2274 vir,
208 2206 247 2266 ad
268 2207 427 2267 faciendam
450 2208 592 2283 justitiam
616 2209 705 2268 nimis
723 2215 784 2268 erat
808 2210 947 2282 intentus,
967 2217 996 2270 et
1035 2207 1099 2281 xx).
1121 2228 1135 2261 v
1156 2205 1209 2266 Vir
1232 2205 1320 2267 etiam
1347 2207 1468 2282 Sapiens
1490 2208 1531 2267 ait
1550 2231 1557 2267 ι
1579 2230 1593 2262 a
1613 2207 1668 2279 Qui
1696 2208 1818 2268 honorat
1841 2225 1893 2284 pa·

131 2314 221 2372 snper
249 2298 380 2358 subditos
408 2300 464 2359 sibi
494 2300 617 2376 populos
644 2300 783 2374 legalium
811 2300 993 2360 sanctionum
1037 2304 1109 2355 trem
1131 2312 1230 2369 suum,
1258 2297 1346 2356 vitam
1374 2297 1451 2357 vivet
1476 2297 1646 2373 longiorem,
1670 2298 1772 2372 etqui
1796 2298 1895 2359 obedit

130 2387 317 2462 disciplinam
341 2388 527 2463 vigoremque
549 2389 672 2459 uidebat,
691 2390 761 2448 adeo
780 2389 992 2464 utaliquando,
1037 2386 1120 2460 patri,
1156 2386 1337 2462 refrigerabit
1369 2393 1490 2446 matrem
1520 2388 1615 2461 (Ecclt.
1641 2388 1693 2460 iu).
1725 2408 1738 2439 v
1764 2386 1893 2462 Moxque

130 2484 306 2549 congregata
327 2489 424 2535 ciram
449 2492 480 2535 se
501 2476 591 2551 plebis
610 2478 772 2535 innumera
793 2475 993 2552 multitudine,
1035 2475 1189 2552 subjunxit
1216 2501 1223 2536 ι
1252 2499 1266 2530 a
1292 2475 1349 2547 Qui
1384 2477 1464 2536 timet
1498 2477 1656 2537 Dominum
1689 2478 1811 2538 honorat
1840 2495 1894 2555 pa·

129 2565 192 2639 ipse
221 2561 295 2621 272
324 2567 384 2624 dui
414 2566 528 2625 excelsa
563 2582 632 2626 voce
667 2567 803 2624 clamaret
830 2584 837 2623 :
867 2565 994 2624 Prolerat
1037 2572 1142 2636 rentes,
1163 2572 1191 2625 et
1211 2566 1295 2640 qnasi
1314 2564 1443 2624 dominis
1460 2563 1566 2624 serviet
1587 2565 1633 2624 bis
1653 2564 1705 2642 qui
1729 2580 1760 2625 se
1782 2582 1892 2640 genue-

129 2669 252 2712 musam
274 2669 356 2714 suam
379 2655 409 2714 in
429 2655 559 2714 medium
574 2654 626 2729 qui
640 2654 703 2713 vult
717 2652 990 2726 baberejudicium.
1036 2662 1114 2726 mut,
1141 2661 1168 2714 et
1195 2655 1226 2714 iu
1249 2672 1345 2730 opere,
1371 2661 1400 2714 et
1422 2655 1452 2714 in
1475 2670 1619 2727 sermone,
1641 2662 1668 2714 et
1689 2655 1719 2714 in
1741 2656 1820 2715 omni
1842 2673 1892 2732 pa-

129 2742 266 2818 Cumque
285 2744 338 2803 boe
360 2746 502 2819 praeconis
524 2745 619 2805 officio
642 2745 760 2805 iunctus
781 2743 864 2802 tertio
885 2743 992 2802 diceret
1035 2744 1251 2817 tientia(lbt'd.).
1268 2765 1282 2797 υ
1297 2742 1380 2805 iusto
1393 2744 1478 2819 plane
1491 2742 1544 2803 Dei
1558 2743 1630 2804 solet
1642 2744 1759 2805 evenire
1769 2744 1890 2821 jndicio,

129 2840 158 2893 et
186 2832 292 2893 nullus
319 2852 335 2893 e
366 2843 444 2895 tanto
473 2838 580 2911 populo
612 2835 814 2909 responderet,
847 2831 991 2891 intellexit
1034 2834 1141 2910 utqui
1167 2831 1335 2909 parentibus
1354 2833 1505 2894 humiliter
1523 2834 1666 2905 subditur,
1690 2834 1752 2910 ipse
1772 2852 1890 2914 quoque

128 2925 271 2983 cornibus
285 2924 462 2986 sausiactum
477 2925 649 3001 indirempta
666 2940 786 3000 prorsus
798 2929 886 2997 atqtm
900 2921 991 2997 sopita
1034 2939 1138 2998 parens
1156 2923 1285 2995 effectus,
1305 2924 1335 2982 in
1358 2924 1483 2999 proprie
1506 2924 1614 2984 sobolis
1632 2924 1797 2985 obedientia
1815 2925 1891 2986 dele

129 3014 210 3071 omni
232 3011 283 3072 lite
302 3028 464 3074 causarum.
484 3014 568 3073 Tunc
586 3029 693 3090 mcum
710 3013 795 3072 laelus
808 3010 946 3081 ascendit,
962 3016 990 3069 et
1034 3018 1137 3072 otetur.
1156 3011 1239 3071 Unde
1257 3013 1396 3087 scriptum
1415 3020 1458 3072 est
1480 3031 1487 3072 :
1511 3035 1524 3068 a
1547 3012 1603 3084 Qui
1623 3013 1745 3073 honorat
1768 3020 1889 3087 patrem,

129 3102 274 3179 populum
296 3119 353 3164 nou
368 3104 544 3178 jurgantem,
560 3104 609 3163 sed
628 3118 697 3177 pace
717 3111 819 3162 mutua
837 3103 989 3177 perl'rueu·
1030 3098 1241 3177 jucundabitur
1258 3100 1291 3159 in
1307 3099 1386 3173 filiis,
1403 3107 1432 3160 et
1454 3102 1484 3161 in
1503 3100 1551 3160 die
1564 3101 1705 3161 orationis
1720 3116 1781 3161 suaa
1795 3117 1889 3162 exau·

130 3200 184 3252 tem
209 3208 279 3252 cum
301 3193 409 3267 gaudio
430 3193 594 3268 dereliquit.
617 3193 683 3254 Post
700 3192 785 3268 cujus
807 3191 929 3258 obitum,
945 3192 991 3250 vir
1030 3190 1243 3260 dietur(1btd.).
1262 3210 1276 3243 l
1292 3189 1393 3250 Merito
1416 3191 1523 3266 quippe
1542 3191 1574 3249 in
1595 3189 1658 3250 suis
1678 3205 1696 3248 a
1714 3189 1773 3250 Deo
1793 3192 1886 3266 preci-

126 3284 249 3357 quidam
266 3290 364 3356 raptus
383 3284 414 3341 in
433 3284 537 3358 spiritu
557 3300 608 3359 per
626 3299 758 3359 soporem
773 3283 878 3342 ductus
897 3288 940 3339 est
954 3280 990 3338 ad
1030 3275 1086 3335 hus
1105 3277 1270 3348 exauditur,
1290 3277 1339 3353 qui
1359 3276 1451 3336 ileum
1472 3276 1689 3352 precipientem
1714 3278 1886 3352 exaudiens,

126 3369 288 3441 internum,
307 3379 334 3430 et
354 3371 469 3431 diversa
482 3388 635 3446 paenarum
658 3378 800 3431 tormenta
819 3370 987 3444 conspexit,
1030 3370 1182 3438 parentum
1202 3379 1321 3423 suorum
1345 3364 1459 3439 legibus
1479 3363 1624 3424 subditur.
1651 3364 1789 3425 Praeterea
1812 3367 1887 3427 sicut

126 3458 201 3519 inter
223 3476 292 3535 quae
311 3461 385 3520 vidit
401 3460 580 3521 Richardnm
602 3460 822 3533 Vendunensem
843 3458 988 3530 abbatem,
1030 3451 1208 3525 genitoribus
1230 3452 1414 3524 maledicens,
1444 3450 1551 3528 dgnus
1579 3460 1622 3511 cst
1649 3453 1749 3512 mortis
1775 3453 1887 3516 ultione

128 3550 209 3610 velut
227 3548 359 3609 excelsas
373 3550 523 3609 machinas
537 3551 711 3624 erigentem,
723 3555 751 3608 et
765 3548 889 3608 anxium
900 3555 989 3623 atque
1030 3542 1145 3617 percelli
1175 3567 1182 3600 :
1212 3541 1253 3602 ita
1277 3542 1328 3619 qui
1353 3547 1516 3602 reverenter
1541 3541 1727 3615 obtemperat,
1758 3550 1885 3605 meretur

127 3638 301 3711 sollicitum,
317 3648 454 3714 unquam
471 3639 582 3699 munita
596 3648 755 3697 castrorum
774 3637 989 3713 propugnacula
1029 3631 1171 3691 divinitus
1186 3631 1325 3692 benedici.
1342 3630 1376 3690 ln
1386 3630 1568 3707 legequippe
1578 3630 1787 3705 scriptumest:
1802 3652 1815 3685 a
1828 3632 1884 3703 Qui

128 3737 356 3791 mustrueutem,
380 3731 441 3790 flou
467 3730 547 3789 enim
573 3730 674 3789 morbo
699 3730 878 3789 laboraverat
900 3728 989 3789 abbas
1029 3719 1214 3780 maledixerit
1236 3721 1320 3797 patri,
1345 3722 1389 3780 vel
1415 3719 1510 3793 matri,
1532 3727 1625 3780 morte
1644 3720 1786 3780 moriatur
1808 3724 1883 3795 (Len.

129 3820 187 3889 ille,
202 3822 278 3882 dum
290 3821 410 3891 viveret,
421 3830 453 3881 ut
466 3821 497 3880 iu
509 3821 694 3881 exstruendis
710 3820 836 3880 inaniter
845 3818 987 3890 edificiis,
1029 3825 1074 3872 xx
1080 3830 1089 3883 ;
1101 3817 1180 3871 Pron.
1195 3816 1259 3885 xxi.
1274 3834 1288 3867 a
1301 3812 1379 3873 alibi
1389 3828 1504 3890 qunque
1515 3813 1654 3887 scriptum
1665 3818 1723 3872 est:
1738 3834 1752 3867 a
1765 3811 1883 3874 Honora

128 3929 233 3973 omnes
250 3913 311 3972 sese
329 3912 488 3989 djqqgemjae
507 3928 570 3971 511ae
584 3927 668 3972 cums
683 3909 867 3986 expenderet,
881 3918 910 3970 et
922 3910 986 3987 plu.
1028 3909 1138 3974 patrem
1162 3907 1255 3973 tuum,
1281 3909 1314 3960 ut
1334 3899 1518 3975 superveniat
1538 3899 1591 3959 tibi
1607 3899 1770 3959 benedictio
1790 3917 1807 3960 a
1823 3900 1881 3960 Do·

130 4003 221 4063 simus
254 4002 404 4063 tacuimus
438 4003 574 4063 goelegjae
609 4004 640 4062 111
675 4001 789 4063 frivolis
818 4001 988 4075 hujusmodi
1029 3992 1118 4062 anino,
1134 3998 1163 4050 et
1175 3990 1337 4050 benedictio
1350 3990 1430 4049 illius
1445 3989 1474 4048 in
1491 3988 1649 4048 novissimo
1661 3992 1881 4061 maneatOEccti.

131 4093 237 4152 omnim
250 4092 424 4168 profligaret.
439 4092 520 4164 Quod
539 4109 607 4167 ergo
628 4092 694 4151 lecit
708 4093 740 4152 in
759 4091 828 4163 vita,
848 4091 902 4150 boc
925 4107 988 4167 per-
1028 4088 1082 4153 111).
1095 4104 1108 4136 v
1121 4080 1176 4141 Ubi
1187 4096 1257 4140 mox
1267 4098 1281 4141 s
1292 4080 1398 4156 quitur
1410 4105 1416 4139 :
1429 4077 1622 4139 «Benedictio
1629 4079 1716 4154 patris
1727 4080 1823 4140 lirmat
1834 4082 1881 4140 do

129 4184 238 4245 [affluat
257 4181 289 4241 ju
307 4197 401 4257 puna,
418 4183 447 4243 15
462 4184 568 4259 quque,
582 4182 633 4258 qui
648 4166 754 4242 quatu
770 4196 870 4256 sopore
884 4196 985 4241 oerue-
1030 4188 1092 4233 mos
1106 4171 1236 4231 liliorum
1254 4191 1261 4230 :
1279 4170 1439 4230 maledictio
1451 4178 1548 4230 autem
1565 4170 1664 4230 matris
1677 4169 1802 4230 emdicat
1814 4171 1882 4231 lun·

126 4272 183 4342 bat,
198 4271 274 4331 dum
288 4270 357 4330 binc
376 4271 444 4330 inde
459 4270 585 4347 plurima
598 4274 731 4330 curiosus
750 4269 882 4341 attendit,
906 4270 987 4329 visus
1028 4262 1162 4320 (lamenta
1178 4261 1277 4335 (ldtd.).
1295 4282 1308 4313 v
1333 4259 1363 4320 Si
1384 4275 1452 4333 ergo
1467 4258 1596 4319 filiorum
1611 4259 1715 4319 domus
1728 4265 1882 4334 parentum

125 4368 166 4417 est
179 4360 239 4418 sibi
253 4359 352 4419 videre
363 4359 545 4420 avunculum
558 4375 666 4430 meum,
680 4359 733 4433 qui
745 4359 880 4433 superius
891 4357 986 4419 dictus
1028 4349 1228 4411 maledictiffle
1253 4351 1421 4423 dessllssilssb
1444 4366 1606 4426 eorumque
1631 4349 1883 4411 benedicliOHibuss

124 4455 176 4519 est,
201 4449 231 4507 in
254 4454 344 4508 aureo
368 4447 507 4507 subsellio
533 4447 747 4521 presidentem.
771 4445 824 4506 Cui
844 4446 985 4506 nimirum
1028 4439 1193 4511 stabilitum
1207 4440 1370 4499 cavendum
1385 4436 1467 4497 valde
1480 4446 1531 4509 est,
1551 4453 1586 4496 ne
1601 4437 1626 4496 si
1643 4444 1774 4511 parentes
1789 4436 1883 4494 olien-

124 4534 181 4594 dno
200 4534 300 4609 angeli
323 4535 497 4597 videbantur
516 4537 660 4606 assistere,
674 4544 702 4593 et
721 4533 836 4608 llagella
851 4534 987 4595 manibus
1026 4527 1133 4598 dimus,
1159 4542 1356 4587 sussoefflllfflffl
1380 4525 1667 4601 [1⁰1³ssdessssOE
1685 4525 1882 4585 dffllfflifflllss·

126 4621 312 4694 ventilantes,
341 4622 520 4684 conabantur
544 4629 633 4683 aestus
659 4623 690 4681 in
716 4623 779 4698 ejus
800 4622 881 4695 facie,
905 4638 987 4683 mora
1064 4615 1265 4691 Significatum
1284 4625 1326 4675 est
1344 4615 1428 4687 mibi,
1448 4613 1628 4674 nobilissime
1649 4613 1705 4685 vir,
1729 4613 1799 4688 quia
1813 4628 1881 4671 san-

127 4710 370 4782 ministrantium,
395 4716 563 4785 temperare.
590 4709 722 4787 Cumque
746 4711 814 4786 quis
837 4718 911 4771 esset
936 4711 986 4771 ille
1027 4712 1102 4766 ctam
1118 4713 1239 4766 matrem
1254 4710 1334 4764 tuam
1348 4702 1450 4762 uxoris
1463 4717 1562 4761 amore
1575 4699 1699 4777 despicis
1711 4707 1739 4760 et
1752 4708 1880 4760 oontem-

128 4798 229 4873 isqui
260 4799 323 4858 baec
347 4799 464 4868 videbat
493 4799 663 4873 inquireret,
687 4814 856 4874 responsum
879 4806 921 4858 est
942 4799 984 4860 ei:
1026 4796 1083 4865 nis,
1110 4793 1286 4869 nullumque
1310 4791 1366 4851 sibi
1392 4789 1514 4850 dominii
1536 4786 1586 4863 jus
1609 4790 1639 4847 in
1662 4788 1817 4848 domestica
1840 4788 1882 4848 rei

129 4884 257 4945 lustitia.
275 4885 419 4946 Nimirum
438 4887 489 4962 qui
501 4888 657 4960 justitiam,
673 4886 744 4946 dum
764 4887 884 4958 viveret,
908 4888 984 4961 lecit,
1027 4883 1180 4956 familiaris
1192 4881 1376 4943 ordinatione
1389 4879 1530 4941 concedis.
1548 4879 1583 4939 ln
1598 4894 1657 4954 quo
1670 4877 1779 4937 scilicet
1797 4878 1882 4948 lacto,

128 4971 224 5047 ipsum
239 4989 356 5048 quoque
370 4981 432 5049 post
452 4983 573 5035 mortem
588 4972 710 5048 iustitiae
728 4974 902 5035 vocabulum
923 4991 986 5035 me·
1027 4973 1097 5047 quid
1127 4970 1208 5032 aliud
1234 4985 1322 5046 quum
1350 4974 1482 5029 naturam
1509 4966 1586 5041 ignis
1611 4965 1737 5025 cerneris
1761 4964 1881 5039 imitari,

128 5063 195 5122 mit.
226 5063 272 5123 Tu
301 5065 398 5137 edam,
422 5065 618 5138 dilectissime,
644 5065 758 5125 naviter
780 5064 907 5125 officium
933 5065 984 5125 tibi
1025 5064 1168 5138 quicum
1190 5077 1228 5119 ex
1248 5059 1335 5134 lignis
1354 5059 1480 5133 prodeat,
1502 5056 1581 5131 ligna
1597 5054 1742 5114 consumit
1752 5059 1782 5112 et
1794 5053 1825 5113 in
1839 5054 1882 5113 ci·

127 5149 244 5210 creditae
266 5151 527 5213 administrationis
548 5169 661 5225 exerce,
687 5160 720 5212 ut
743 5162 882 5228 tanquam
904 5169 984 5213 oom-
1027 5166 1125 5211 nerem
1153 5148 1247 5222 vertit,
1270 5149 1380 5223 lapides
1406 5153 1504 5207 autem
1532 5144 1669 5218 excoquit
1693 5150 1721 5202 et
1744 5142 1882 5204 candidos

128 5238 225 5299 missae
250 5241 345 5300 vineae
372 5249 399 5299 te
426 5242 591 5318 operarium
618 5242 728 5314 credas,
757 5258 851 5302 neca
879 5243 986 5303 laboris
1026 5239 1146 5300 redditi
1168 5238 1261 5313 Ligna
1286 5251 1398 5311 nempe,
1422 5233 1590 5310 exquibus
1615 5231 1772 5307 egreditur,
1797 5231 1882 5309 quasi

126 5330 264 5388 exercitio
281 5337 402 5407 torpeas,
419 5332 443 5390 si
458 5347 612 5392 nummum
630 5331 727 5407 dignae
741 5332 985 5393 remunerationis
1026 5333 1147 5387 matrem
1159 5324 1303 5385 nascendo
1316 5323 1479 5394 consumit;
1495 5320 1605 5397 lapides
1617 5327 1725 5391 autem,
1742 5321 1882 5397 aquibus

126 5426 284 5492 exspectas.
314 5420 465 5493 legalium
502 5421 598 5495 itaque
629 5420 810 5480 sanctionum
848 5421 985 5481 severitas
1027 5415 1233 5491 exstinguitur,
1252 5414 1288 5473 ed
1304 5413 1501 5473 exhibendam
1521 5412 1606 5473 calcis
1625 5411 1792 5473 albedinem
1811 5425 1882 5471 ean·

128 5516 285 5583 reprimat,
317 5524 389 5587 quos
426 5498 584 5571 honestatis
618 5509 713 5588 pudor
749 5508 786 5570 ab
817 5510 985 5573 excessibus
1025 5508 1109 5572 didos
1122 5507 1200 5567 lacit.
1217 5506 1290 5567 Cum
1303 5504 1393 5582 igitur
1405 5503 1482 5581 ignis
1496 5504 1528 5562 in
1544 5502 1634 5579 lignis
1647 5503 1756 5576 ardeat,
1771 5501 1882 5577 lapides
