4100 6209
141 308 192 372 est
375 307 405 368 S.
426 304 539 366 PETRI
557 302 720 366 bedlald
739 304 817 365 OPP.
841 299 1027 366 vellesne
1048 304 1173 366 TOMUS
1191 305 1230 367 11.
1251 336 1287 350 -·
1305 302 1533 367 SANGTORUM
1554 304 1663 369 VITAE.
1847 313 1906 373 ⁹³2

144 435 229 495 malis
249 430 446 503 hebdomadae,
469 445 536 505 qne
560 436 646 504 eaput
664 428 770 504 ieiunii
789 428 906 499 dicitur,
930 433 1149 506 sur-Aequum
1175 432 1222 491 cui
1255 430 1416 507 specialiter
1441 432 1503 506 ipse
1540 432 1668 494 insidere
1707 445 1908 497 consueverat

142 522 278 595 gentibus
299 536 317 579 a
337 535 438 579 mensa
461 518 609 589 fratribus,
636 515 687 576 ille
717 517 863 591 pugillum
889 517 997 577 cineris
1039 527 1122 580 caute
1135 520 1287 581 subduxit.
1307 521 1362 581 Sed
1376 522 1446 596 quia
1459 521 1519 581 illis
1532 523 1564 582 in
1578 523 1709 597 partibus
1720 523 1904 597 deprehendi

138 613 265 673 latenter
279 609 420 684 implevit,
438 616 469 667 et
485 608 615 682 apposito
637 622 712 681 pane
731 606 887 666 discubuit.
908 606 998 665 Cum·
1039 611 1088 668 fur
1101 608 1259 683 sacrilegus
1273 610 1380 683 timuit,
1395 609 1528 670 monitus
1539 611 1575 671 ad
1588 612 1730 686 oppidum
1745 613 1905 674 Laudense

146 718 203 778 que
218 703 343 761 cinerem
359 707 495 771 manuam
512 712 615 771 panem
637 695 834 758 manducaret.
848 704 881 756 ut
898 702 997 768 potum
1039 697 1174 773 profugit.
1197 697 1324 758 Securus
1344 698 1443 773 itaque
1461 702 1746 773 recognoscentium,
1762 704 1904 777 proponit

146 806 282 868 qnoque,
302 789 387 863 juxta
415 787 610 861 Prophetam,
641 802 707 845 cum
732 788 802 846 fletu
828 792 999 860 temperaret
1038 801 1160 861 equum,
1189 794 1332 861 emptores
1356 787 1469 858 invitat,
1495 789 1666 849 vehiculum
1687 792 1796 861 iaudat,
1819 806 1903 851 oom-

145 883 227 954 terat.
241 878 286 952 cll,
302 876 399 937 innuit
412 877 491 934 fratri
508 885 540 936 nt
554 875 629 935 clam
643 875 698 935 sibi
711 891 816 950 aquam
831 873 915 959 nullo
930 881 1000 932 teste
1040 875 1182 934 mercium
1196 875 1314 949 flagitat.
1335 876 1390 935 Sed
1406 877 1447 935 sic
1464 876 1612 936 homiaem
1629 877 1731 938 divina
1745 877 1902 954 dispositio

143 971 277 1029 deferret.
301 966 365 1031 ille,
392 965 469 1042 quod
492 971 553 1023 erat
582 965 694 1037 jussus,
722 963 874 1036 implevit;
892 977 999 1037 aquam
1041 964 1220 1040 praepedivit,
1235 974 1266 1025 ut
1279 981 1331 1024 nec
1344 981 1412 1026 cum
1426 964 1557 1041 quolibet
1571 976 1700 1042 emptore
1711 984 1901 1043 componere,

143 1056 433 1130 «constratisque,
460 1053 531 1113 dum
553 1054 637 1112 labiis
659 1052 823 1122 adhibetur,
845 1051 998 1111 austerita·
1042 1068 1095 1111 nec
1114 1053 1223 1111 animal
1243 1052 1381 1126 potuisset
1406 1054 1528 1128 pecnnia
1552 1064 1727 1128 permutare.
1750 1055 1902 1116 Postremo

146 1157 203 1208 tem
225 1146 286 1205 vini
306 1144 434 1203 redolere
452 1144 586 1203 sentitur.
611 1140 753 1217 lleprimit
775 1156 842 1214 ergo
867 1156 998 1213 manum,
1041 1150 1139 1201 antem
1169 1158 1303 1202 reversus
1330 1144 1366 1203 ad
1397 1159 1429 1203 se
1456 1151 1485 1201 et
1506 1145 1677 1217 pmrritentia
1698 1143 1773 1202 406
1794 1146 1902 1209 ductus

145 1236 236 1310 abigit
251 1234 543 1311 poculumatqneut
561 1233 615 1291 sibi
629 1246 735 1306 aquam
751 1232 884 1291 minister
901 1230 1001 1289 afferat
1041 1230 1163 1291 bestiam
1177 1232 1213 1291 ad
1229 1231 1324 1293 locum
1345 1233 1390 1293 sni
1409 1234 1541 1293 criminis
1556 1235 1705 1295 conscium
1729 1244 1903 1306 reverenter

147 1324 239 1399 signis
252 1322 435 1382 evidentibus
450 1324 581 1396 imperat.
602 1322 647 1380 nd
661 1321 738 1397 quod
755 1319 884 1378 minister
900 1319 1001 1378 obstn—
1042 1321 1112 1395 quid
1132 1321 1187 1380 sibi
1207 1323 1360 1397 eontigerit
1379 1321 1415 1381 ad
1436 1323 1484 1382 sui
1505 1325 1705 1384 confusionem
1720 1332 1748 1384 el
1762 1325 1902 1400 omnipo-

147 1415 230 1489 puit;
260 1419 288 1472 et
311 1413 414 1471 vinum
444 1427 475 1469 se
503 1427 521 1467 a
549 1425 649 1467 mensa
680 1410 787 1468 referre
811 1408 862 1481 qui
893 1422 999 1482 aquam
1044 1408 1130 1467 tentis
1142 1408 1193 1468 llei
1208 1409 1331 1484 gloriam
1349 1425 1407 1470 non
1421 1410 1559 1470 occultat.

145 1502 347 1579 propinaverat
359 1502 518 1559 admiratus
533 1498 660 1573 expavit.
678 1495 813 1557 Geminat
827 1504 923 1555 tamen
937 1495 1001 1555 olli-
1081 1496 1134 1556 Vir
1149 1496 1226 1556 idem
1245 1496 1419 1556 venerabilis
1440 1496 1512 1556 dum
1528 1505 1603 1556 esset
1617 1497 1649 1557 in
1672 1499 1779 1558 itinere
1791 1501 1901 1559 eonsti-

146 1593 236 1664 cium,
255 1590 359 1651 virium
380 1589 503 1664 projicit,
522 1595 657 1646 convasat
676 1600 792 1660 aquam,
816 1585 913 1644 denno
935 1600 1001 1658 por·
1045 1596 1136 1660 tutus,
1157 1586 1227 1662 quia
1247 1601 1334 1645 causa
1357 1584 1490 1651 dictabat,
1515 1585 1652 1646 Ticinum
1675 1587 1849 1648 festinanter
1867 1604 1902 1648 ac

147 1683 215 1758 rigit
247 1678 451 1739 discumbenti.
481 1676 537 1737 Sed
563 1691 650 1745 ecce,
677 1673 749 1732 dum
775 1688 850 1747 aona
880 1671 1002 1748 potanda
1043 1678 1208 1737 sinemuro
1233 1674 1355 1733 transire
1385 1673 1528 1748 cupiebat,
1556 1676 1607 1734 sed
1634 1675 1902 1738 intumescentibus

150 1770 297 1844 repetitur,
309 1767 412 1826 vinum
426 1781 526 1824 rursus
537 1764 568 1822 in
585 1762 688 1837 poculo
700 1763 850 1837 reperitur.
865 1760 930 1820 lam
947 1761 1136 1850 itu-Baquis,
1153 1762 1241 1822 etiarn
1263 1761 1413 1834 navigium
1433 1761 1540 1822 deerat.
1562 1762 1697 1823 Protinus
1721 1781 1790 1839 ergo
1810 1767 1903 1826 confl-

150 1872 208 1932 que
227 1855 273 1913 vir
295 1862 421 1921 sanctus,
440 1849 550 1909 divinae
565 1864 632 1921 erga
647 1865 678 1906 se
692 1846 806 1921 pietatis
826 1846 1002 1905 beneficium
1043 1869 1094 1912 sus
1114 1852 1144 1910 in
1162 1850 1265 1921 ileum,
1285 1865 1379 1910 unum
1402 1867 1418 1909 e
1434 1850 1552 1910 famulis
1575 1860 1666 1926 vocet,
1685 1857 1774 1928 senne
1796 1855 1828 1914 in
1847 1871 1902 1917 no-

150 1956 366 2017 reeognoscens,
382 1939 462 2015 quod
474 1938 566 1997 lleum
581 1937 638 1997 sibi
660 1935 884 1995 misericorditer
902 1934 1003 1994 indnl-
1044 1939 1124 1999 mine
1137 1938 1242 1999 Christi
1254 1939 1415 2013 praecedere
1425 1955 1475 2013 per
1486 1938 1605 1999 alveum
1619 1940 1752 2000 fluminis
1764 1941 1900 2016 imperat.

149 2047 217 2109 gere
231 2030 391 2092 consideret
405 2043 472 2088 cum
486 2027 644 2103 gratiarum
658 2025 770 2085 actione
784 2023 929 2099 percipere
945 2040 1002 2085 non
1044 2028 1148 2088 Obedit
1170 2026 1249 2087 illico
1267 2027 1405 2096 famulus,
1420 2035 1588 2100 spumantes
1606 2028 1817 2103 profluentium
1841 2046 1901 2090 nn-

148 2131 271 2185 meusar,
1045 2116 1149 2176 darum
1176 2116 1311 2176 cumulos
1336 2115 1451 2189 ingredi
1479 2132 1537 2176 non
1563 2128 1701 2189 moratur,
1725 2119 1833 2178 deinde
1855 2119 1903 2179 vir

187 2214 348 2283 Praeterea,
373 2226 438 2270 cum
468 2210 514 2268 vir
539 2208 590 2267 Dei
609 2221 677 2267 cum
700 2206 828 2266 Henrino
852 2223 927 2281 rege,
951 2203 1003 2279 qui
1044 2212 1162 2264 sanctus
1174 2219 1240 2264 curn
1257 2203 1338 2263 omni
1353 2206 1578 2266 commeantium
1604 2207 1902 2283 tnrbesuhseauitnr,

148 2301 332 2378 postmodum
347 2301 440 2359 factus
453 2306 496 2358 est
509 2299 665 2371 imperator
681 2341 688 2367 ,
705 2297 734 2354 in
751 2295 899 2354 'l'icinensi
914 2291 1003 2353 simul
1045 2300 1073 2353 el
1090 2293 1131 2354 sic
1144 2309 1246 2353 omnes
1264 2294 1295 2352 iu
1313 2292 1480 2351 ulteriorem
1495 2291 1569 2352 alvei
1586 2293 1767 2367 crepidinem
1787 2295 1903 2371 ahenam

150 2392 223 2453 urbe
243 2390 428 2461 consisteret,
457 2395 485 2447 et
511 2387 670 2447 [lominica
698 2385 857 2445 nativitatis
880 2384 1004 2459 gloriam
1046 2384 1108 2446 ullo
1137 2400 1253 2460 prorsus
1278 2383 1524 2444 incommoditatis
1557 2383 1734 2445 offendiculo
1766 2395 1901 2459 transpo-

149 2481 315 2546 celebraret,
335 2477 455 2551 contigit
482 2483 513 2535 ut
538 2475 669 2534 velamen
691 2490 800 2534 mensae
819 2474 892 2547 ejus,
910 2473 1003 2531 artiii-
1046 2482 1167 2534 nnntur.
1186 2471 1268 2544 Quod
1294 2474 1365 2532 dum
1383 2472 1519 2532 nonnulli
1541 2471 1592 2546 qui
1614 2474 1734 2532 aderant
1757 2474 1900 2535 miraren-

149 2573 225 2631 ciosa
245 2570 365 2630 textrini
387 2568 493 2628 laboris
512 2566 677 2640 operatione
697 2564 897 2639 conspicuum,
914 2564 1002 2624 sacri-
1046 2569 1102 2634 tur,
1125 2562 1206 2622 velut
1219 2563 1322 2623 aemuli
1339 2562 1575 2637 precedentium,
1590 2567 1740 2636 caeperunt
1757 2570 1902 2622 attentare

149 2661 213 2735 lega
239 2661 341 2720 fuisset
361 2659 462 2717 fraude
482 2655 639 2715 sublatum.
664 2655 816 2729 Postquam
839 2659 937 2713 nutem
958 2653 1004 2713 vir
1045 2660 1184 2723 meatum,
1196 2650 1245 2710 sed
1266 2666 1334 2710 mox
1352 2659 1384 2710 ut
1403 2650 1496 2710 adorti
1510 2659 1578 2709 sunt
1593 2660 1739 2710 extremos
1756 2650 1902 2710 citerioris

148 2751 200 2811 Dei
214 2768 281 2811 cum
296 2765 363 2821 rege
375 2747 518 2819 discessit,
533 2747 580 2806 fur
594 2746 647 2820 qui
664 2754 798 2820 rapuerat
806 2745 868 2819 iam
884 2760 1003 2805 securus
1044 2740 1115 2815 ripae
1136 2741 1243 2798 fluctus
1258 2739 1409 2813 attingere,
1429 2738 1485 2798 nisi
1509 2754 1600 2811 equos
1616 2740 1672 2798 sub
1688 2738 1835 2798 celeritate
1855 2755 1901 2798 re

149 2838 298 2914 proposuit
312 2837 441 2896 velamen
459 2836 490 2895 in
506 2836 568 2894 foro
581 2833 693 2894 venale.
711 2833 767 2894 Sed
787 2834 857 2893 dnm
873 2832 917 2892 illi
942 2832 1002 2893 dis·
1045 2830 1233 2905 pressissent,
1258 2830 1428 2905 profluentis
1455 2845 1541 2905 aqute
1580 2831 1724 2891 submersi
1763 2831 1902 2906 voragine

150 2927 254 3004 positio
273 2924 397 2985 scelestis
416 2922 538 2993 obsistit,
559 2930 655 2981 sancta
678 2920 800 2980 distrahi
823 2921 919 2995 praeda
944 2936 1002 2980 nou
1044 2921 1141 2996 procul
1163 2920 1253 2980 dubio
1276 2922 1462 2998 naufragium
1476 2922 1671 2998 pertulissent.
1699 2922 1781 2983 ilaus
1800 2931 1899 2982 autem

150 3015 253 3091 potuit.
270 3014 327 3073 Ter
346 3012 437 3087 igitur
456 3011 533 3086 quod
552 3009 733 3069 subduxerat
757 3008 832 3068 inter
856 3010 1002 3068 nundina·
1043 3026 1081 3069 ex
1098 3011 1142 3070 his
1158 3010 1210 3085 qui
1230 3017 1299 3071 tnnc
1319 3012 1449 3085 aderant,
1465 3019 1497 3071 nt
1518 3020 1574 3071 mm
1588 3013 1704 3085 insigne
1720 3011 1900 3072 miraculum

149 3118 216 3164 rum
236 3117 345 3161 merces
359 3099 504 3176 exposuit,
518 3100 600 3158 tertio
612 3097 760 3158 subtiliter
771 3098 932 3169 attentavit,
951 3099 999 3157 sed
1010 3099 1135 3208 Cvidit,
1160 3100 1310 3176 obstupuit
1338 3100 1545 3178 hominemque
1574 3102 1623 3162 Dei
1646 3108 1678 3162 nt
1705 3117 1767 3161 suae
1794 3102 1903 3162 domus

147 3208 215 3254 cum
240 3190 419 3265 emptoribus
443 3188 479 3248 de
504 3188 595 3262 pretio
623 3187 738 3262 penitus
759 3187 915 3245 convenire
942 3202 1000 3246 non
1044 3188 1323 3263 subiredignaretur
1337 3189 1497 3266 hospitium
1510 3190 1584 3251 fusis
1598 3192 1751 3251 humiliter
1763 3192 1902 3265 pretinm

147 3283 261 3359 potnit,
286 3297 341 3340 nec
369 3280 445 3339 inter
466 3279 672 3339 distrahentem
696 3285 725 3337 et
751 3287 931 3338 coementem
954 3294 1002 3354 pa-
1043 3278 1218 3353 impetravit.

146 3371 215 3431 cisni
237 3368 330 3430 valuit
350 3368 452 3428 venale
467 3368 683 3432 commercium.
701 3370 771 3443 qnia
786 3368 887 3427 divina
907 3367 1000 3441 dispo·
1077 3365 1261 3441 intempeste
1284 3366 1356 3426 alias
1376 3368 1469 3428 noctis
1493 3369 1610 3429 silentio
1631 3370 1676 3428 vis
1702 3370 1781 3429 venti
1809 3371 1901 3430 vehe-

148 3460 214 3519 sitio
238 3459 389 3519 conatibus
411 3456 564 3516 hominum
582 3458 697 3529 negavit
720 3457 864 3517 effectum.
889 3455 1002 3525 Interea
1044 3455 1168 3515 mentior
1194 3455 1279 3533 irruit
1304 3464 1331 3516 et
1356 3455 1514 3529 lucernam,
1542 3472 1609 3533 qne
1630 3459 1661 3516 iu
1688 3459 1900 3522 dormientium

147 3551 264 3610 sceleris
288 3549 379 3623 hujus
404 3555 551 3607 auctorem
578 3546 650 3606 ultio
677 3547 776 3607 divim
799 3546 948 3621 corripuit,
974 3554 1002 3606 et
1042 3543 1178 3604 cubiculo
1193 3544 1383 3619 dependebat,
1398 3544 1549 3604 exstinxit.
1562 3546 1787 3622 expergefactus
1798 3556 1898 3608 autent

148 3651 263 3707 manus,
287 3650 355 3711 quae
380 3632 564 3707 sacrilegium
582 3641 824 3708 perpetraverant,
849 3647 882 3691 ac
896 3632 999 3706 pedes,
1044 3631 1249 3703 cubicularius,
1265 3647 1333 3692 cum
1351 3634 1452 3693 lumen
1471 3634 1637 3708 agnomssel
1654 3636 1842 3708 exstinctum,
1860 3637 1900 3696 ad

146 3726 254 3802 quibus
278 3732 374 3799 raptor
394 3722 571 3795 aufugerat,
602 3723 787 3793 arefaciens,
821 3721 1001 3780 intolerabili
1042 3719 1214 3794 abigendam
1233 3721 1325 3780 nectis
1342 3722 1498 3783 tenebrosae
1519 3722 1684 3797 caliginem,
1698 3723 1792 3782 divini
1807 3724 1900 3783 lumi-

147 3814 246 3875 dolore
269 3812 453 3874 constrinxit.
477 3812 545 3871 Mox
560 3812 658 3885 itaque
677 3812 844 3884 compulsus
862 3811 1002 3886 languore
1043 3810 1090 3869 nis
1125 3810 1271 3885 infulgere
1305 3812 1430 3886 postulat
1465 3813 1636 3875 cleritatem.
1665 3815 1763 3882 Deus,
1789 3815 1899 3893 inqrrit,

146 3904 182 3964 ad
198 3904 348 3964 ecclesiam
361 3902 436 3963 beati
451 3900 548 3961 Maiolt
564 3901 815 3960 manibusalicnis
828 3902 1000 3973 advehitur,
1042 3900 1237 3973 omnipotens,
1260 3901 1311 3976 qui
1331 3902 1430 3962 lumen
1448 3919 1480 3963 es
1502 3920 1615 3979 verum,
1633 3920 1685 3980 pro
1703 3920 1802 3965 amore
1819 3907 1899 3966 servi

146 3991 267 4052 mantile
279 3991 427 4051 sublatum
445 3989 483 4049 ad
496 3995 594 4049 reatus
617 3987 762 4048 indicium
777 4005 872 4049 coram
889 3989 1002 4049 eunctis
1044 3989 1085 4049 tui
1107 3989 1248 4062 Odilonis,
1266 3991 1303 4050 ab
1321 3992 1376 4051 hac
1389 3992 1475 4053 domo
1490 3994 1624 4054 tenebras
1640 3995 1756 4055 dimove
1773 4010 1902 4071 eamque

144 4083 327 4159 appenditur,
342 4088 370 4141 et
384 4079 485 4140 divina
500 4077 654 4137 clementia
669 4077 707 4137 ab
720 4078 802 4137 omui
819 4078 936 4153 populo,
949 4080 1002 4153 qni
1040 4078 1141 4153 gratiae
1166 4086 1224 4137 tum
1248 4079 1314 4139 lnce
1335 4080 1489 4155 perfunde.
1515 4082 1673 4143 Confestim
1696 4085 1733 4143 de
1757 4083 1832 4143 ooelo
1853 4100 1902 4145 oo

145 4173 270 4249 percitus
292 4172 382 4245 hujus
400 4171 486 4229 famae
509 4184 625 4229 rumore
647 4170 838 4241 conduxerat,
859 4169 1000 4244 implora·
1041 4182 1133 4227 rnscte
1153 4167 1225 4227 lucis
1244 4168 1381 4242 splendor
1400 4170 1531 4243 emicuit,
1547 4179 1575 4229 et
1593 4178 1681 4231 totam
1704 4171 1825 4232 domum
1847 4188 1900 4232 su-

143 4269 201 4320 tur.
218 4259 266 4319 Sic
279 4260 377 4333 itaque
394 4257 470 4317 beati
486 4256 585 4316 Maioli
605 4257 718 4316 meritis
735 4274 769 4317 ac
786 4258 919 4331 precibus
938 4258 999 4316 fra·
1041 4255 1123 4329 perui
1154 4256 1318 4331 splendoris
1345 4258 1462 4319 claritas
1488 4260 1658 4320 illustravit.
1689 4260 1721 4322 Si
1747 4276 1817 4336 ergo
1843 4263 1901 4323 hoc

145 4360 220 4410 trum
247 4348 303 4408 sibi
327 4346 517 4408 servientium
552 4361 642 4406 senus
668 4356 696 4406 et
722 4347 880 4407 incolumis
906 4348 1000 4406 factus
1039 4348 1141 4422 agebat
1153 4347 1237 4409 Odilo
1251 4354 1321 4409 lunc
1341 4365 1442 4425 mpero
1455 4350 1618 4425 depressus,
1633 4351 1704 4426 quid
1718 4359 1804 4426 putas
1818 4369 1902 4415 nunt

146 4436 276 4497 velamen
300 4435 426 4495 reddidit
447 4434 587 4506 alienum,
613 4444 641 4494 et
665 4435 773 4511 recepit
797 4435 997 4510 semetipsum.
1040 4436 1118 4511 apud
1152 4437 1248 4499 Deum
1275 4444 1368 4513 polest
1397 4438 1522 4500 carnalis
1555 4441 1678 4501 sarcina
1709 4441 1901 4513 corruptione

142 4525 277 4588 Probavit
295 4540 435 4601 ergaque
449 4524 570 4599 praemio
590 4523 696 4598 diguus
709 4530 784 4583 esset
803 4524 854 4599 qui
879 4510 1170 4587 beatumDsotutus?

141 4615 300 4676 offenderet
314 4612 475 4675 Odilonem.
1076 4616 1167 4677 Paulo
1193 4622 1259 4676 ante
1286 4616 1466 4678 nativitatem
1493 4618 1620 4693 Domini,
1647 4638 1699 4696 per
1723 4621 1898 4682 hiemalium

176 4704 262 4764 Alius
285 4719 402 4781 qunque
424 4704 481 4773 fur,
504 4718 571 4763 cum
600 4703 646 4763 vir
669 4703 721 4764 llei
746 4703 777 4763 in
801 4705 902 4764 eadem
927 4705 1000 4765 urbe
1040 4706 1256 4767 inclementiam
1272 4706 1412 4769 imbrium
1431 4718 1549 4772 sanctus
1564 4727 1656 4772 senex
1670 4710 1706 4770 ad
1725 4710 1803 4772 beati
1816 4708 1899 4771 blar-

142 4791 333 4864 eonsisteret,
360 4791 508 4852 stabulum
543 4791 608 4866 ejus
633 4798 794 4853 nocturnus
820 4794 948 4869 irrupit,
974 4802 1001 4855 et
1042 4795 1108 4854 celli
1127 4796 1261 4872 martyris
1286 4798 1493 4858 monasterium
1520 4798 1596 4873 (130)
1617 4800 1781 4863 festinabat.
1805 4799 1900 4861 Vane

651 4934 817 4996 ANDREAE
837 4935 988 4999 CHESNII
1005 4936 1055 4998 ΕΤ
1073 4936 1247 4998 ΑΝΟΝΥΜΙ
1266 4935 1387 4999 NOTAE.

177 5040 244 5108 (tto)
260 5038 333 5102 Quod
345 5037 561 5094 dautchramuns
574 5040 734 5104 Burgundio
750 5054 797 5096 rer
808 5043 886 5107 Juxta
898 5042 997 5096 cabilo·
1047 5044 1150 5109 fredos,
1169 5042 1253 5108 tnnntt
1280 5043 1457 5107 l'heobaldus,
1477 5048 1504 5098 el
1526 5045 1585 5109 lpse
1605 5058 1697 5100 comes
1713 5048 1901 5105 cabilonensis

146 5124 208 5167 nem
231 5111 359 5174 condidit,
379 5116 408 5164 n·
432 5115 506 5165 notat
527 5106 704 5176 fredegarius
731 5115 758 5164 ln
781 5113 935 5179 appendice
962 5114 996 5169 ad
1047 5116 1075 5167 in
1089 5119 1223 5180 praecepto
1235 5114 1308 5179 nand
1317 5128 1345 5180 p.
1362 5115 1462 5181 llltin
1471 5113 1594 5169 lltbtlott.
1612 5117 1746 5184 ctoriae.)
1761 5121 1901 5184 integrant

146 5182 301 5246 (tragurium
317 5184 360 5235 hls
379 5182 487 5235 rerhls:
501 5185 577 5235 Anno
591 5183 622 5235 tt
639 5183 779 5247 repnisut',
797 5184 891 5237 divino
904 5199 996 5238 errrore
1046 5187 1193 5250 posuimus,
1227 5186 1336 5239 commit
1366 5188 1403 5238 ot
1426 5186 1509 5241 leole
1539 5189 1740 5242 recordationis
1773 5191 1900 5244 olmera

144 5252 282 5306 moriem
292 5253 365 5306 beati
375 5252 503 5310 ,horrent
523 5253 571 5306 obi
584 5253 640 5318 ipsc
655 5256 786 5318 pretiosos
807 5256 949 5323 requiescit
966 5257 996 5310 in
1046 5254 1176 5308 ffoiolrrm
1191 5260 1216 5310 cl
1227 5255 1426 5309 commendarit
1440 5256 1480 5308 illi
1489 5258 1751 5320 monosteriuntboc,
1761 5259 1792 5312 in
1806 5259 1901 5313 rubor-

143 5336 263 5385 enrpore,
282 5337 340 5388 quar
358 5325 388 5377 r'rt
405 5324 558 5377 suburbano
574 5326 684 5391 quidem
698 5323 877 5387 delitescunt,
892 5329 939 5379 sad
954 5330 996 5381 to·
1048 5326 1090 5379 bio
1111 5322 1292 5379 cabilonensis
1311 5324 1434 5380 cinitolit
1454 5324 1693 5382 odontclrromno
1707 5332 1837 5394 praetera
1850 5344 1898 5385 tto·

144 5405 205 5446 men
216 5392 384 5460 inSepuono
395 5402 433 5450 est
446 5397 595 5461 terrator'o,
612 5397 727 5462 mirifice
746 5407 771 5452 ct
788 5399 899 5452 solerter
914 5398 995 5465 redifi-
1046 5397 1178 5451 biliniaco
1192 5400 1217 5450 et
1237 5396 1362 5461 rettpiora
1380 5410 1440 5462 repa
1465 5399 1607 5464 rnapnrpce
1629 5405 1828 5461 constrictum.
1855 5402 1900 5456 uti

145 5476 208 5518 cerr
223 5464 316 5529 jussit,
338 5466 427 5533 itique
448 5467 587 5521 monachis
607 5470 775 5534 corgrcpott's
798 5471 997 5524 monasterium
1046 5468 1190 5536 requiescit
1209 5480 1306 5530 corpus
1324 5468 1688 5538 beetilfarcrltiruortprir,
1706 5478 1850 5527 colerere
1867 5477 1898 5526 nt

144 5534 276 5599 medidie
301 5535 441 5603 ipsamque
470 5539 607 5592 wemmam
628 5539 705 5592 rebar
733 5541 859 5606 plurimis
883 5541 995 5596 ditavit.
1046 5539 1203 5605 senionem
1221 5538 1367 5592 monadica·
1387 5540 1504 5602 ardino,
1519 5554 1578 5606 oua
1593 5554 1659 5604 orm
1679 5543 1779 5597 aratro
1795 5543 1896 5609 [namt.

147 5607 238 5672 longe
254 5614 425 5675 veronoster
440 5608 620 5664 rotomnam
634 5623 719 5664 cottrct
738 5611 917 5665 Cabilonnum
929 5608 997 5665 Gort-
1047 5612 1221 5677 reformaret,
1231 5611 1303 5676 jora
1318 5615 1343 5664 rt
1355 5615 1528 5674 uenationes
1542 5614 1579 5666 od
1592 5616 1683 5677 iprum
1704 5617 1791 5668 lomina
1812 5616 1896 5681 perti·
