4100 6209
112 340 167 400 ssa
809 302 811 304 ’
905 337 1030 398 sunno
1049 340 1084 397 x.
1817 346 1869 406 554

111 466 220 541 iuquit,
235 464 355 539 accipiet
372 469 400 523 et
423 464 512 523 vitam
527 472 666 526 aeternam
689 464 844 541 possidebit
860 465 1004 537 (Matthia
1011 479 1062 538 per
1075 479 1213 523 universa
1228 466 1291 539 ejus
1311 465 1420 525 decora
1436 467 1572 528 vitiorum
1584 466 1717 528 omnium
1735 483 1768 528 nc
1791 485 1872 530 mor-

113 559 187 630 ιιι).
207 553 315 615 »Illud
334 554 459 614 enimin
481 554 528 614 via
541 556 682 630 accipitur
699 555 735 614 ad
751 554 906 622 solatium
922 552 972 611 illa
1015 554 1079 613 talis
1097 553 1290 629 corruptionis
1313 570 1426 614 venena
1446 555 1572 617 diducit.
1588 554 1693 618 Contra
1708 559 1763 620 hoc
1780 559 1871 636 igitur

111 662 181 705 vero
196 645 233 704 ad
250 643 458 704 beatitudinem
473 645 503 703 in
519 645 611 718 patria
628 644 821 719 possidebitur
842 644 870 701 in
886 648 972 701 aeter-
1013 647 1120 707 lethale
1133 647 1214 707 virus
1230 648 1393 709 antidotum
1405 666 1421 708 a
1434 649 1597 710 Christiano
1613 651 1720 727 populo
1731 652 1870 727 sumitur,

109 751 194 795 num.
222 734 279 795 Sed
304 734 376 807 qnid
400 740 443 793 cst
463 736 634 811 centuplum
654 734 742 804 istud,
758 733 816 792 nisi
840 731 972 792 consola·
1014 751 1066 809 per
1078 737 1156 811 quod
1169 737 1328 811 spiritualis
1344 738 1437 798 morbi
1457 738 1619 812 pestilentia
1633 739 1787 800 salubriter
1800 757 1871 802 evo·

109 826 216 895 tiones,
239 824 476 900 visitationesque
496 830 525 884 et
546 823 683 900 primitiae
705 823 834 897 spiritus,
850 821 903 898 qni
921 837 972 881 su·
1015 832 1119 885 matur.
1143 825 1240 902 Hujus
1263 826 1331 887 novi
1353 828 1524 888 sacramenti
1549 827 1657 888 virtute
1683 829 1869 903 termentum,

110 929 161 988 per
188 912 248 973 mel
274 912 369 974 dulcis
394 919 447 977 est.
477 913 534 973 nisi
562 912 760 973 testimonium
787 908 972 972 musciculis
1013 914 1088 974 illud
1115 914 1212 990 [illico]
1236 915 1435 976 condemnata
1458 916 1609 976 vetustatis
1630 916 1816 991 expellimus,
1838 926 1872 982 ιιι

109 1009 230 1074 nostrae,
250 1002 305 1062 nisi
328 1003 405 1073 laeta,
425 1008 454 1061 et
474 1002 688 1078 jucundissima
706 1004 852 1078 justorum
870 1015 971 1075 exspe-
1013 1004 1050 1063 de
1069 1005 1210 1065 servitute
1222 1004 1259 1064 ad
1278 1004 1439 1065 libertatem
1461 1007 1582 1083 spiritus
1601 1014 1630 1067 et
1645 1008 1682 1068 ad
1697 1024 1772 1070 nova
1789 1025 1870 1086 rege·

108 1096 208 1166 cutio,
223 1094 281 1154 nisi
304 1095 445 1156 memoria
469 1094 657 1155 abuudantiae
682 1094 832 1155 suavitatis
857 1091 919 1163 Dei,
944 1096 972 1149 et
1013 1093 1173 1153 neratiouis
1187 1109 1288 1168 azyma
1302 1098 1494 1156 transeamus.

109 1201 220 1259 magna
231 1201 300 1245 vere
313 1184 470 1264 multitudo
484 1185 648 1247 dulcedinis
662 1186 735 1261 ejus,
748 1199 837 1260 quam
851 1197 904 1242 nec
917 1196 970 1241 ex·
1050 1181 1144 1242 Hodie
1171 1199 1286 1243 sacrum
1313 1183 1440 1244 chrisma
1466 1184 1628 1257 conllmtnr,
1655 1202 1707 1261 per
1735 1188 1813 1262 qnod
1841 1187 1871 1248 in

109 1278 213 1354 pertis,
235 1291 351 1336 neeesse
374 1285 416 1335 est
439 1276 544 1346 dicere,
565 1292 619 1336 uec
640 1276 800 1351 inexpertis
824 1274 972 1349 [insuper
1014 1272 1100 1332 nohis
1116 1272 1249 1332 omnium
1273 1271 1437 1334 ooelcstium
1456 1274 1666 1335 charismatum
1682 1278 1871 1340 sanctificatio

109 1366 170 1438 tus]
195 1362 254 1422 illis
274 1361 371 1421 verbis
392 1362 556 1437 exprimere
579 1363 733 1439 qnisquam
757 1360 883 1438 potest?
906 1359 972 1419 Nou
1014 1361 1204 1420 confirmatur
1231 1360 1430 1436 [designaturl.
1457 1361 1520 1424 Hoc
1548 1363 1684 1424 videlicet
1708 1364 1783 1427 illud
1809 1383 1872 1427 esse

112 1460 206 1528 pater,
220 1467 279 1511 nou
298 1456 400 1520 mater,
416 1465 475 1509 uon
489 1451 604 1521 domus,
624 1466 682 1511 non
704 1467 782 1526 ager,
798 1466 856 1511 non
878 1448 971 1521 cibus,
1014 1459 1229 1513 sacrosanctum
1249 1454 1376 1513 chrisma
1397 1455 1590 1528 cognoscitur,
1604 1456 1683 1533 qnod
1706 1472 1767 1516 non
1788 1457 1874 1518 modo

111 1550 166 1601 aut
184 1540 282 1610 vestis
303 1555 361 1600 uon
385 1538 511 1612 denique
535 1545 683 1599 terrenum
700 1541 822 1616 aliquid,
836 1550 888 1602 aut
908 1557 972 1601 cor-
1015 1541 1184 1612 sacerdotes,
1209 1557 1291 1616 reges
1315 1549 1403 1617 atque
1430 1544 1580 1618 prophetas
1606 1544 1694 1604 unxit
1720 1546 1750 1605 in
1775 1545 1871 1606 Veteri

110 1631 222 1707 porale,
250 1628 299 1690 sed
321 1627 406 1703 plane
429 1627 476 1686 his
499 1628 636 1689 omnibus
655 1628 864 1704 delectabilius,
886 1646 973 1707 super
1014 1630 1208 1704 Testamento,
1225 1631 1277 1692 sed
1301 1632 1389 1691 etiam
1417 1637 1531 1692 sanctos
1555 1633 1708 1705 apostolos,
1732 1640 1874 1707 martyres

112 1721 180 1780 haec
194 1719 293 1778 omnia
307 1716 423 1776 dulcius
436 1721 523 1791 atque
532 1717 691 1789 jucundius
704 1727 756 1779 est.
1015 1724 1043 1777 et
1072 1720 1249 1779 coniesmres
1279 1719 1468 1780 sanctificavit
1495 1720 1525 1779 in
1555 1719 1645 1780 Novo.
1675 1719 1768 1781 Hodie
1800 1722 1874 1797 [hoc]

149 1807 207 1869 Gui
226 1822 295 1868 vero
308 1807 350 1865 sic
368 1804 530 1880 specialiter
553 1811 629 1866 totus
648 1809 823 1884 evangelicae
841 1807 1103 1878 lectionisssetiam
1132 1823 1185 1868 uos
1210 1809 1274 1868 oleo
1300 1807 1410 1868 divinae
1439 1808 1554 1870 virtutis
1578 1809 1761 1884 inungimur,
1782 1816 1815 1870 ut
1842 1811 1874 1871 iu

110 1912 258 1958 excursus
285 1892 426 1968 assignari
452 1900 553 1968 potest,
577 1896 822 1969 quemadmodum
846 1895 920 1972 patri
946 1900 974 1956 et
1016 1896 1175 1972 spiritualis
1198 1897 1341 1973 palaestvae
1365 1897 1522 1959 certamina
1542 1897 1731 1958 colluctantes
1751 1898 1788 1960 de
1808 1899 1877 1961 sub·

111 1982 253 2058 magistro
283 1989 380 2040 nostro
409 1980 490 2040 beato
515 1980 693 2042 Benedictus
717 1983 772 2043 Hic
803 1999 819 2042 a
850 1979 974 2057 pueritia
1015 1986 1186 2063 actisatqne
1206 1987 1346 2047 convictis
1365 1987 1496 2048 hostibus
1517 1986 1742 2062 triumphemus.
1757 1988 1799 2050 lle
1815 2005 1875 2064 quo

111 2073 261 2135 mundum
280 2088 349 2132 cnm
363 2072 434 2132 tlove
450 2071 577 2146 reliquit,
599 2078 625 2131 et
641 2079 807 2132 currentem
825 2070 973 2131 Christum
1017 2075 1161 2134 nimirum
1174 2075 1239 2136 oleo
1252 2076 1391 2150 propbeta
1409 2075 1500 2136 dicit:
1516 2100 1529 2128 α
1546 2075 1760 2152 computrescet
1768 2078 1875 2154 jugum

110 2179 203 2224 cursu
228 2162 412 2235 rapidissimo
438 2168 553 2221 secutus
580 2168 632 2231 est,
658 2176 710 2220 nec
735 2161 853 2234 destitit,
882 2162 975 2222 donec
1016 2179 1034 2222 a
1060 2165 1131 2224 facie
1155 2164 1213 2224 olei
1237 2167 1313 2235 (leui.
1340 2170 1385 2235 x).
1409 2188 1422 2215 ι
1448 2164 1624 2237 Nemeum
1639 2182 1691 2240 per
1708 2167 1763 2226 hoc
1781 2166 1877 2227 divini

110 2257 348 2326 consequeretur.
365 2249 436 2320 Quis
454 2249 705 2323 interjudicautes
723 2250 881 2310 sublimius
893 2250 973 2325 judi·
1016 2253 1182 2312 chrismatis
1216 2258 1429 2312 sacramentum
1464 2251 1605 2313 libertatis
1641 2254 1727 2313 nohis
1756 2253 1878 2330 spiritus

111 2343 191 2402 mbit
210 2342 226 2400 l
248 2341 319 2412 Quis
341 2341 382 2401 ita
404 2341 573 2413 centuplum
594 2338 624 2397 in
654 2340 708 2398 hac
734 2341 792 2399 vita
817 2342 975 2416 percepit?
1018 2344 1158 2417 redditur,
1182 2345 1332 2405 servitutis
1354 2345 1484 2421 antique
1505 2346 1610 2421 iugum
1632 2346 1664 2405 iu
1690 2346 1876 2422 putredinem

111 2431 186 2503 pots
205 2430 295 2489 vitam
310 2435 449 2489 aeternum
464 2428 618 2502 gloriosius
635 2427 902 2505 possidebitllijus
919 2430 974 2504 igi·
1017 2449 1135 2495 necesse
1162 2439 1205 2494 est
1236 2432 1392 2509 redigatur.
1420 2432 1482 2493 Hoc
1512 2435 1684 2510 mysterium
1713 2434 1879 2495 chrismatis

112 2531 162 2581 tur
175 2519 383 2579 intercessione
399 2534 461 2578 suae
475 2519 576 2594 gratim
594 2517 755 2593 largitatem
769 2519 805 2579 ad
824 2521 976 2595 praesentis
1019 2524 1156 2599 propheta
1182 2522 1275 2583 David
1302 2521 1502 2584 indubitanter
1528 2523 1656 2598 agnovit,
1681 2539 1750 2584 cum
1766 2524 1880 2585 ¹vultus

112 2613 184 2672 vitm
206 2609 433 2670 consolationem
460 2616 489 2669 et
512 2618 630 2670 aeternae
652 2610 872 2685 possessionem,
891 2610 977 2671 uobis
1019 2624 1119 2677 nostro
1136 2615 1167 2674 in
1180 2616 1245 2676 oleo
1259 2615 1466 2677 exhilarandos
1480 2632 1543 2676 esse
1557 2615 1685 2682 mutavit
1699 2619 1786 2686 (Paul.
1804 2622 1878 2688 cut).

111 2702 319 2762 administrare
342 2700 489 2776 dignetur,
511 2701 565 2778 qui
593 2702 680 2770 veuit,
705 2710 736 2760 ut
761 2701 849 2761 vitam
874 2703 976 2763 babea-
1020 2705 1178 2766 Enimvero
1191 2720 1259 2765 cum
1273 2704 1378 2765 muudi
1392 2704 1516 2765 crimina
1533 2705 1646 2766 diluvio
1662 2706 1811 2781 quondam
1825 2721 1879 2766 es·

114 2811 193 2868 mus,
209 2803 239 2854 et
263 2801 296 2854 ut
318 2793 516 2855 abundantius
538 2794 697 2853 habeamus
723 2798 809 2868 (toan.
832 2798 873 2869 xl,
892 2798 978 2857 lesus
1020 2795 1170 2871 piarentur
1184 2794 1276 2854 eiiuso
1298 2794 1374 2868 (den.
1391 2795 1461 2868 vn);
1486 2793 1578 2855 luturi
1597 2795 1730 2855 muneris
1744 2794 1879 2855 columba

112 2883 250 2944 Christus
284 2883 425 2944 Dominus
457 2889 563 2953 noster,
594 2882 644 2957 qui
681 2891 724 2942 est
750 2884 919 2946 benedictus
945 2886 975 2944 io
1020 2883 1246 2943 similitudinem
1259 2882 1398 2956 pretulit,
1411 2898 1480 2942 cum
1493 2883 1580 2943 oliva
1592 2899 1674 2945 ramo
1683 2899 1783 2960 pacem
1796 2884 1880 2946 terris

112 2972 235 3033 mula.
251 2973 356 3031 Amen.
1020 2971 1162 3034 redditam
1186 2972 1342 3032 nuntiavit.
1366 2972 1418 3032 dit
1439 2972 1520 3032 enim
1544 2970 1713 3046 Scriptura:
1740 2974 1880 3049 «Exspe-

458 3041 582 3103 SERMO
601 3043 638 3102 X·
1020 3062 1103 3123 etatis
1128 3067 1225 3121 nutem
1249 3062 1326 3121 ultra
1349 3066 1457 3135 septem
1479 3060 1584 3122 diebus
1607 3060 1683 3134 aliis,
1701 3078 1820 3123 rursum
1833 3062 1881 3123 di·

296 3146 327 3194 ΙΝ
347 3145 440 3195 COENA
456 3146 569 3195 ⁰⁰¹1N1·
586 3139 676 3206 (XXIV
690 3136 792 3206 usur.)
987 3150 1102 3245 emisit
1116 3149 1177 3210 Noe
1196 3149 1362 3210 columbam
1375 3165 1414 3209 ex
1435 3166 1510 3210 arm.
1534 3152 1572 3210 tt
1584 3149 1636 3210 illa
1658 3152 1739 3212 veuit
1759 3151 1795 3212 ad
1811 3166 1880 3212 eum

148 3240 258 3313 Hodie,
280 3240 384 3300 iratres
405 3238 579 3311 charissimi,
605 3239 677 3299 dnm
701 3255 793 3300 coenae
817 3239 976 3300 Dominicae
1019 3242 1057 3299 ad
1077 3254 1233 3313 vesperam,
1250 3245 1368 3313 portans
1387 3253 1501 3298 mmum
1524 3237 1611 3298 oliva
1625 3238 1788 3299 virentibus
1803 3238 1883 3299 toliis

112 3329 261 3390 solemnia
286 3329 476 3402 celebramus,
500 3329 626 3404 plurima
651 3329 793 3391 virtutum
817 3330 977 3390 cmlestium
1021 3332 1051 3391 iu
1075 3346 1125 3390 ore
1139 3346 1193 3390 suo
1208 3330 1285 3400 (den.
1307 3335 1379 3401 ιιιι).
1403 3355 1417 3380 ι
1435 3328 1469 3388 Ιιι
1487 3330 1691 3392 emissionem
1715 3330 1881 3391 reversione

113 3427 298 3481 sacramente
321 3418 487 3479 recolimus.
507 3418 600 3478 Hodie
623 3434 751 3494 namque
771 3418 903 3479 Salvator
924 3434 978 3479 no·
1021 3417 1166 3480 columba
1180 3417 1361 3493 septenarius
1384 3432 1526 3477 numerus
1544 3419 1671 3491 ponitur,
1686 3418 1757 3493 quia
1771 3424 1881 3494 septem

114 3516 185 3583 ster,
206 3510 258 3584 qui
283 3516 368 3584 caput
383 3517 428 3568 est
449 3508 636 3582 augelorum,
649 3507 720 3567 dum
743 3508 806 3568 sois
827 3507 979 3583 discipulis
1021 3524 1084 3569 esse
1107 3507 1206 3583 procul
1231 3506 1322 3565 dubio
1345 3505 1438 3565 sancti
1458 3504 1584 3580 Spiritus
1607 3503 1682 3565 dona
1709 3513 1879 3567 noscuntur.

113 3599 241 3674 vestigia
256 3599 346 3672 tersit,
362 3598 534 3658 veraenobis
548 3596 721 3657 humilitatis
735 3599 904 3674 exemplum
915 3614 978 3657 ma·
1022 3597 1193 3673 Vespertina
1207 3612 1275 3655 vero
1295 3597 1367 3655 hora
1388 3594 1424 3654 ad
1444 3609 1540 3655 arcam
1559 3593 1695 3655 columba
1718 3591 1883 3667 revertitur,

116 3686 226 3746 uiieste
249 3688 410 3760 proposuit,
423 3687 546 3763 utquod
564 3686 706 3761 impendit
724 3684 867 3745 Dominus
881 3685 977 3747 iamu·
1022 3689 1092 3763 quia
1112 3685 1238 3761 Spiritus
1259 3691 1386 3757 mustus,
1402 3685 1453 3761 qui
1476 3686 1505 3744 iu
1531 3685 1634 3745 mundi
1654 3685 1798 3760 principio
1811 3686 1884 3746 iere

116 3775 166 3846 lis,
186 3775 264 3834 servi
294 3791 355 3835 non
383 3775 578 3850 dedignentur
606 3773 744 3833 exhibere
776 3773 935 3845 conservis,
950 3780 979 3833 et
1023 3778 1206 3849 batursuper
1223 3789 1315 3849 aquas
1331 3776 1409 3844 (dm.
1424 3779 1457 3846 ι),
1469 3775 1531 3849 iam
1545 3783 1760 3850 vesperascente
1774 3776 1882 3838 saeculo

117 3863 220 3941 pulvis
247 3881 306 3925 non
333 3866 455 3941 deneget
483 3866 608 3941 pulveri,
631 3863 710 3940 qund
738 3863 794 3925 sibi
820 3880 979 3940 congruere
1024 3871 1152 3925 sanctam
1168 3863 1291 3938 replevit
1306 3862 1476 3924 Ecclesiam.

117 3961 209 4014 tanta
234 3955 330 4015 visum
355 3962 398 4014 est
422 3954 574 4030 majestati.
600 3954 655 4014 Ubi
679 3970 746 4014 cum
773 3953 875 4014 Petrus
895 3954 979 4015 obse-
1060 3953 1104 4013 lld
1133 3954 1187 4012 hoc
1213 3952 1302 4012 etiam
1326 3951 1421 4012 divim
1445 3952 1610 4013 chrismatis
1636 3952 1759 4029 pertinet
1784 3969 1882 4015 sacra·

118 4044 226 4120 quium
247 4044 391 4119 suscipere
412 4042 523 4103 summi
549 4043 639 4118 [until
666 4042 852 4118 Praeceptoris
867 4043 979 4103 abnue·
1024 4051 1167 4116 mentum,
1182 4045 1258 4120 quod
1281 4044 1468 4119 omnipotens
1488 4042 1566 4104 Dens
1586 4042 1679 4118 ldoysi
1703 4045 1812 4105 tomulo
1830 4061 1884 4106 suo

119 4143 175 4207 ret,
190 4141 221 4195 et
243 4136 294 4195 ille
310 4137 405 4195 minas
423 4132 607 4211 repulsionis,
623 4133 680 4193 nisi
703 4149 735 4192 se
754 4132 846 4192 lavari
860 4134 979 4208 permit·
1025 4134 1197 4195 mandatum
1209 4134 1299 4200 dedit,
1312 4141 1346 4193 ut
1359 4134 1456 4193 Aaron
1471 4133 1588 4193 imtrem
1604 4148 1693 4194 suum
1707 4149 1784 4209 aqua
1802 4137 1884 4210 prius

119 4232 203 4296 teret,
232 4225 386 4284 intentaret
413 4225 599 4284 tremefactus
623 4223 739 4283 undem
766 4230 795 4283 et
820 4223 981 4283 insistentis
1024 4225 1166 4297 ablueret,
1195 4223 1301 4283 deinde
1326 4240 1377 4299 per
1406 4223 1584 4284 inlusionem
1620 4223 1710 4299 huius
1739 4225 1885 4299 unguenti

119 4314 246 4392 imperio
273 4315 405 4388 protinus
430 4313 616 4389 acquiescens
640 4313 702 4372 ait:
728 4337 741 4362 ι
765 4310 978 4381 Dominarum
1025 4314 1212 4373 constitueret
1238 4311 1436 4372 sacerdotem:
1458 4314 1597 4381 «Aaron,
1622 4311 1727 4388 inquit,
1753 4318 1782 4373 et
1807 4312 1884 4374 illios

120 4413 239 4465 mutum
264 4402 349 4477 pedes
368 4417 456 4472 meos,
481 4400 531 4461 sed
554 4406 582 4460 et
604 4417 710 4461 manus
734 4406 763 4459 et
784 4406 871 4475 caput
888 4402 979 4473 (loon.
1027 4403 1090 4476 ejus
1112 4416 1204 4476 unges
1228 4399 1478 4475 sanctificabisque
1500 4414 1558 4470 eos,
1581 4405 1612 4459 ut
1634 4399 1792 4460 sacerdotio
1814 4401 1884 4460 iun·

120 4501 199 4563 nul.
228 4513 239 4543 ι
265 4490 299 4550 lu
323 4490 432 4564 quibus
458 4491 559 4565 utique
582 4490 679 4550 verbis
702 4488 802 4548 beatus
827 4488 982 4562 Apostolus
1027 4495 1132 4562 gantur
1154 4487 1237 4546 mihi.
1256 4486 1471 4562 Filiisquoque
1486 4486 1576 4546 lsrael
1592 4487 1670 4547 dices
1685 4487 1769 4548 :Hoc
1787 4487 1884 4547 oleum

118 4599 210 4659 opera
237 4587 344 4652 nostra,
369 4581 459 4641 simul
486 4588 515 4641 et
535 4579 732 4654 cogitationes,
757 4584 791 4638 ut
816 4593 834 4636 a
857 4547 1171 4638 llomino⁰unctiouis
1191 4584 1325 4637 sanctum
1348 4576 1403 4636 erit
1415 4576 1489 4636 mihi
1504 4577 1535 4636 in
1555 4578 1756 4650 generationes
1775 4584 1884 4637 vestras

118 4672 316 4748 purilioeutur
341 4676 428 4746 atqm
461 4670 652 4740 mundentur,
680 4668 812 4741 indigere
844 4667 979 4742 signavit.
1023 4670 1125 4729 theod.
1155 4675 1275 4737 xxxi.»
1302 4666 1388 4725 Porro
1410 4673 1518 4737 autem,
1533 4665 1608 4726 sicut
1630 4665 1692 4739 jam
1711 4666 1810 4728 abluto
1832 4683 1884 4744 per

121 4761 277 4837 Siquidem
297 4757 432 4820 manibus
450 4769 595 4834 operatur,
613 4759 800 4832 cogitationes
822 4765 919 4817 antem
943 4772 980 4815 ex
1023 4759 1170 4819 diluvium
1184 4756 1304 4827 mundo,
1316 4772 1382 4818 cum
1394 4756 1482 4816 olivae
1496 4771 1575 4814 ramo
1587 4755 1624 4814 ad
1635 4771 1733 4815 arcam
1746 4757 1883 4817 columbo

118 4857 232 4920 mente,
250 4864 317 4925 quae
339 4855 424 4922 caput
441 4855 483 4907 est
505 4846 653 4908 interioris
677 4845 816 4918 hominis,
835 4845 983 4921 proteruu-
1023 4847 1188 4919 revertitur,
1210 4844 1251 4905 sic
1273 4844 1360 4905 etiam
1379 4846 1474 4904 Aaron
1498 4859 1574 4920 aqua
1592 4842 1673 4918 prius
1695 4844 1814 4904 ablutus
1827 4852 1880 4917 est,

118 4947 179 5001 tar.
207 4937 258 4995 4⁷
284 4939 362 4999 Vera
388 4954 456 5014 ergo
481 4955 514 4998 ac
537 4939 661 5014 perlecta
682 4936 816 5012 purgatio
843 4942 885 4996 est
913 4950 981 4996 cum
1024 4935 1130 4995 deiude
1144 4934 1299 4993 chrismate
1319 4938 1486 5007 perunctus,
1504 4930 1584 4991 utad
1603 4930 1796 4991 sacerdotium
1819 4948 1885 5006 pro·

118 5029 201 5090 Dens
219 5029 403 5104 omnipotens
421 5045 479 5090 non
495 5029 592 5089 solum
606 5042 692 5100 opera
714 5034 811 5085 nostra
831 5026 941 5085 munda
954 5031 983 5083 ct
1025 5030 1199 5086 moveretur.
1220 5022 1268 5083 Sic
1284 5022 1371 5081 etiam
1390 5036 1469 5082 nunc
1488 5019 1610 5094 quilibet
1628 5019 1665 5079 ad
1687 5022 1881 5093 regeneratio·

118 5117 310 5179 immaculata
332 5118 464 5190 custodit,
484 5118 534 5177 sed
562 5117 649 5176 etiam
671 5130 774 5189 pravas
794 5114 982 5188 cogitationes
1024 5114 1072 5173 nis
1095 5112 1216 5188 gratiam
1244 5112 1364 5171 veniens
1386 5109 1469 5185 prius
1493 5109 1565 5168 sacri
1593 5108 1773 5183 baptismatis
1793 5110 1882 5171 undis

118 5207 291 5268 auordibus
305 5209 412 5268 nostris
425 5208 516 5268 sancti
528 5207 653 5283 Spiritus
663 5206 810 5266 infusione
821 5203 944 5279 repellit.
1024 5202 1228 5276 immergitur,
1252 5207 1284 5260 ut
1310 5200 1494 5275 postmodum
1521 5199 1614 5259 divini
1641 5198 1806 5259 chrismatis
1830 5196 1881 5257 48

159 5296 254 5357 Hodie
277 5297 408 5359 Salvator
432 5299 538 5357 terreni
562 5295 645 5370 panis
667 5310 700 5353 ac
722 5294 783 5352 vini
805 5293 931 5367 speciem
950 5292 981 5351 in
1025 5290 1164 5367 mysterio
1189 5289 1386 5362 consignetur.
1409 5287 1489 5347 titud
1511 5292 1649 5361 praterea
1674 5289 1782 5359 oleum,
1802 5289 1880 5365 quod

120 5389 173 5449 sui
206 5389 335 5466 corporis
368 5393 396 5449 et
432 5386 583 5464 sauguinis
616 5391 794 5444 sacramenta
828 5385 981 5455 convertit,
1025 5389 1054 5442 et
1067 5378 1287 5439 tabernaculum
1300 5375 1416 5436 traderis
1428 5385 1455 5434 et
1470 5382 1574 5436 cuncta
1586 5378 1650 5452 ejus
1662 5377 1800 5438 utensilia
1813 5394 1880 5439 con·

120 5481 246 5555 suisque
270 5480 423 5557 discipulis
444 5478 541 5539 vitalis
562 5478 710 5538 alimoniae
737 5475 878 5551 pabulum
900 5476 982 5534 mini·
1025 5470 1158 5543 sacravit,
1188 5469 1242 5528 hoc
1266 5467 1360 5526 divini
1388 5467 1551 5527 chrismatis
1575 5474 1789 5529 sacramentum
1814 5486 1881 5545 per·

120 5570 238 5630 enavit.
253 5569 342 5630 Cibus
356 5570 434 5628 enim
456 5568 506 5627 ille
524 5567 640 5639 vetitus,
655 5581 744 5643 quem
759 5565 873 5640 primus
895 5564 982 5623 humo
1025 5559 1124 5635 spicue
1135 5555 1281 5632 θειιιιίι.
1297 5555 1347 5615 dit
1361 5556 1441 5616 euim
1462 5555 1603 5617 Dominus
1622 5554 1715 5633 Mopsi
1730 5576 1737 5617 :
1754 5583 1768 5607 «
1784 5556 1881 5618 'dulles

120 5662 337 5720 intumescente
364 5658 499 5735 superbia
523 5664 552 5717 et
577 5658 647 5728 gula
670 5654 818 5730 pruriente
844 5651 981 5728 percepit,
1025 5648 1124 5710 oleum
1144 5645 1181 5707 de
1203 5644 1318 5706 olivetis
1337 5660 1473 5706 mensura
1493 5644 1555 5717 hin,
1571 5645 1716 5723 faciesque
1735 5646 1882 5708 unctionis

273 5773 403 5838 Parnon
422 5773 547 5836 caut.
1290 5771 1296 5778 '
1704 5761 1738 5822 18
