4100 6209
190 271 244 333 499
553 274 582 333 S.
603 273 716 335 Perat
734 274 894 336 nautam
914 275 992 336 OPP.
1014 271 1112 335 PARS
1131 269 1202 333 sall
1220 266 1345 329 TOMUS
1363 268 1386 327 Ι.
1407 298 1442 311 -
1460 265 1586 326 annlr.
1892 266 1941 328 500

190 396 401 458 stitutionibus.
423 397 533 456 Placuit
552 396 659 456 idcireo
677 397 802 457 domnus
823 400 926 458 Petrus
948 399 1080 461 dininas
1496 389 1534 448 ll·

190 486 283 559 gmtia
312 494 419 545 sanctae
446 485 612 544 Ferentinae
638 486 775 544 Ecclesiae
806 486 968 561 episcopus,
999 503 1050 561 per
1089 488 1238 548 concertio
1260 487 1365 540 statuta
1386 499 1403 567 n
1427 483 1458 539 S.
1473 483 1551 537 Petro
1571 482 1706 565 Damione
1731 481 1803 536 ieter
1825 498 1939 538 eremum

190 588 364 635 consensum
387 582 415 634 et
444 574 620 633 comantem
648 575 783 634 omnium
815 575 1049 650 presbyterorum
1183 558 1367 625 Gamudnbe‘
1381 559 1452 609 ‘'ni''
1466 552 1841 610 m⁰na³²⁶f²umde²4⁰⁶re³⁰·

191 664 321 737 ejusdem
347 663 493 738 episcopii,
517 661 672 721 concedere
688 670 790 736 ‘atque
814 664 913 737 largiri
942 662 1049 721 domno
1417 647 1617 722 (Assss01050·)

109 818 121 827 ,
192 750 276 810 Petro
304 751 444 810 Dardano
474 751 614 810 Ostiensis
641 751 778 811 Ecclesiae
808 753 940 826 episcopo
972 753 1049 825 ejus·
1091 758 1146 830 [Ex
1167 752 1371 829 antiquissimo
1395 749 1530 830 exempto
1550 748 1663 808 arcbiri
1684 748 1715 809 S.
1737 748 1890 809 Laurentii
1909 748 1943 808 de

192 856 249 917 que
277 837 427 899 monacbis
445 838 628 909 eremitariis,
647 840 699 914 qui
727 842 756 898 in
776 857 874 900 eremo
897 841 1049 912 damonia,
1116 890 1120 897 .
1387 821 1544 885 Flfflssffiffl»
1558 836 1587 878 Π·
1605 821 1644 888 4]

192 943 260 1004 quae
275 935 316 986 est
335 929 508 989 vocabulum
528 928 619 987 sancti
639 928 779 987 Barnabae
801 930 920 1004 apostoli
938 931 967 989 in
985 947 1050 1005 per·
1125 936 1158 994 ln
1176 932 1293 993 nomine
1305 934 1411 989 sancte
1424 934 1452 986 et
1466 926 1627 986 individuas
1639 925 1804 986 Trinitatis.
2027 994 2029 1003 ¹

193 1022 331 1091 petuum3
351 1018 381 1076 id
400 1027 452 1088 est,
468 1017 651 1077 medietatem
671 1018 707 1076 de
724 1018 807 1092 plebe
829 1019 920 1078 sancti
943 1019 1050 1077 Valen-
1127 1022 1190 1080 Non
1212 1026 1254 1077 cst
1277 1016 1397 1085 mirum,
1411 1015 1435 1074 si
1463 1013 1538 1072 inter
1562 1012 1697 1071 homines
1728 1012 1794 1072 licet
1822 1019 1943 1086 sanctos,

194 1104 247 1163 tini
268 1104 440 1164 nominatim
465 1121 533 1165 cum
555 1105 704 1164 medietate
725 1105 760 1165 de
784 1114 859 1164 terra
879 1116 906 1166 et
922 1107 1051 1166 decima·
1090 1112 1219 1170 bumana
1243 1113 1338 1164 tamen
1358 1102 1511 1177 fragilitate
1528 1100 1732 1172 circumdatos,
1754 1101 1848 1161 locum
1874 1102 1946 1161 livor

194 1191 270 1252 tione
294 1208 357 1265 sua,
371 1199 399 1252 et
418 1200 493 1252 torra
514 1202 541 1251 et
563 1193 705 1268 quidquid
725 1194 761 1252 ab
781 1195 882 1252 eodem
908 1194 1051 1268 episcopio
1091 1199 1230 1268 inveniat,
1254 1210 1321 1254 cum
1351 1194 1427 1251 inter
1449 1191 1525 1265 ipsos
1546 1191 1631 1249 etiam
1659 1189 1787 1263 angelos,
1806 1196 1944 1265 quantum
2027 1248 2029 1269 Ι

193 1282 299 1341 babere
330 1282 444 1343 videtur
474 1283 502 1341 in
543 1283 666 1343 Riotilio
693 1284 769 1342 inira
796 1285 964 1343 comitatum
995 1286 1051 1343 Fa·
1091 1291 1126 1349 arl
1148 1289 1271 1345 litteram
1291 1284 1424 1341 videatur
1438 1280 1599 1354 obrepsisse
1619 1279 1780 1351 dissensio;
1806 1281 1886 1339 unde
1909 1291 1949 1340 est

193 1370 442 1446 velliiae,ciltepia
455 1379 556 1445 qualia
577 1378 658 1444 llario
671 1372 881 1440 decimationis
899 1382 926 1431 et
942 1374 1051 1431 nletlle·
1091 1379 1169 1455 qnod
1193 1377 1228 1435 ad
1251 1374 1354 1434 Daniel
1370 1373 1491 1445 angelus
1510 1396 1517 1430 ς
1544 1371 1718 1446 «Princeps,
1740 1371 1847 1446 inquit¹
1870 1375 1948 1446 regni

194 1466 250 1519 ῑᾶῖθ
271 1462 307 1519 (Ῑθ
335 1468 419 1532 tella,
451 1477 539 1536 (luent
567 1462 676 1521 detinet
706 1462 937 1536 archipresbyter
959 1463 1052 1536 ipsius
1092 1468 1245 1531 Persarum
1273 1462 1378 1522 restitit
1398 1460 1472 1519 mibi
1496 1459 1600 1534 viginti
1622 1465 1650 1518 et
1669 1475 1729 1519 uno
1754 1460 1875 1531 diebus;
1894 1482 1905 1512 r
1922 1469 1948 1518 el

193 1549 345 1624 episcopii,
373 1558 401 1609 et
428 1560 547 1626 excepto
572 1553 725 1625 Trebaoa,
753 1558 781 1612 et
807 1550 997 1626 bladrignano
1024 1560 1052 1611 et
1091 1556 1287 1633 paulopost:
1310 1550 1478 1624 «Nunquid
1503 1550 1558 1608 scis
1582 1566 1672 1625 quare
1697 1550 1827 1610 venerim
1848 1551 1885 1609 ad
1906 1552 1950 1609 te?

195 1639 357 1712 vidiglano,
387 1643 471 1701 sicuti
498 1643 622 1701 trabitur
646 1658 697 1717 per
719 1651 837 1702 stratam
858 1658 952 1717 usque
975 1643 1051 1701 dan·
1093 1648 1129 1706 Et
1141 1660 1220 1705 nnnc
1239 1648 1365 1701 revertar
1380 1648 1411 1700 ut
1424 1639 1539 1713 praelier
1552 1640 1691 1698 adversas
1707 1640 1869 1714 principem
1883 1640 1949 1698 Per·

195 1728 272 1801 tulo;
299 1735 400 1788 caetera
426 1746 495 1790 vero
516 1730 667 1790 medietate
693 1731 728 1789 de
753 1732 832 1791 omni
860 1731 1200 1807 decimationensarum.
1216 1758 1230 1782 »
1254 1731 1460 1790 Verumtamen
1491 1730 1573 1788 nullo
1601 1730 1687 1788 modo
1706 1729 1884 1787 credendum
1911 1738 1950 1788 est
2027 1774 2029 1783 ,

194 1825 222 1876 et
251 1825 335 1891 terra,
361 1818 448 1877 sinuli
469 1818 505 1877 ad
528 1820 621 1895 ipsam
648 1820 831 1879 medietatem
854 1821 890 1880 de
915 1821 975 1894 jnrn
1004 1820 1051 1878 ‹li-
1092 1828 1167 1885 inter
1186 1822 1304 1894 angr‘los
1322 1835 1396 1896 quos
1415 1833 1529 1878 summa
1547 1818 1598 1876 Dei
1619 1835 1675 1893 pax
1694 1819 1849 1893 tenet‚qni
1876 1819 1949 1878 scili·
2027 1814 2029 1879 i

194 1912 238 1965 cta
263 1907 346 1981 plebe
372 1907 514 1981 pertinere
536 1907 659 1967 videtur.
684 1908 724 1966 lia
750 1909 858 1967 scilicet
886 1910 1006 1980 rarione,
1026 1910 1050 1968 si
1091 1923 1134 1975 cet
1163 1918 1318 1985 exsuperat
1347 1925 1464 1969 omnem
1499 1923 1628 1974 sensum,
1658 1908 1838 1967 intervenire
1872 1924 1950 1982 posse
2027 1892 2029 1907 ⁴

193 2011 368 2070 quocunque
395 2003 523 2071 ternpore
552 1998 672 2070 peccatis
699 2000 923 2059 imminentibus
955 2001 1051 2073 ipsum
1091 2003 1274 2065 discordiam.
1301 1998 1376 2069 Quia
1407 2013 1474 2056 vero
1503 1996 1624 2071 populi,
1653 1996 1760 2073 quibus
1786 1997 1830 2056 illi
1857 2000 1949 2071 angeli
2028 2040 2029 2077 3

194 2098 325 2149 aeuum
353 2086 530 2145 destructum
558 2088 654 2157 luerit,
676 2092 746 2146 tunc
771 2105 858 2163 supra
885 2089 961 2148 olera
990 2104 1052 2147 me·
1093 2087 1590 2172 praeerarrl,rllrer·slaseinvicem
1610 2087 1827 2161 discordabant,
1848 2088 1951 2147 idcireo
2027 2096 2029 2155 l

193 2174 284 2234 dietas
300 2174 335 2232 de
345 2174 406 2250 jam
427 2175 502 2235 dicta
521 2175 603 2249 plebe
623 2178 714 2235 sancti
733 2174 880 2236 Valentini
901 2194 967 2238 cum
989 2193 1050 2237 me·
1092 2185 1214 2259 angelus
1237 2183 1343 2242 dicitur
1366 2178 1506 2237 adsersus
1529 2178 1665 2249 angelum
1685 2178 1736 2253 qni
1759 2178 1816 2235 sibi
1841 2179 1949 2236 restite
2027 2190 2029 2231 t

194 2263 299 2322 dietate
322 2264 358 2323 de
381 2271 455 2324 terra
479 2274 507 2324 et
530 2266 680 2325 medietate
702 2268 895 2328 declinatione
919 2285 985 2340 sua,
999 2269 1052 2327 sic·
1093 2280 1136 2332 rat
1154 2270 1292 2348 prmllari.
1313 2267 1375 2325 Hoc
1393 2266 1490 2339 itaque
1510 2265 1595 2323 modo
1614 2271 1642 2322 et
1659 2265 1748 2323 abbas
1767 2264 1946 2333 monasterii,
2027 2262 2029 2337 ξ

195 2354 238 2411 uti
262 2353 298 2412 ad
325 2353 416 2427 ipsam
453 2353 636 2415 medietatem
666 2357 811 2428 pertinere
840 2356 957 2415 videtur
984 2372 1052 2415 cum
1092 2370 1121 2422 et
1140 2362 1218 2436 prior
1238 2357 1328 2418 eremi
1351 2356 1426 2414 inter
1450 2371 1480 2413 se
1507 2353 1633 2412 invicem
1660 2369 1736 2427 serpe
1763 2353 1948 2421 dissentiunt,
2027 2342 2029 2419 ἔ

195 2442 248 2499 hac
277 2442 419 2517 scriptura
445 2443 476 2500 in
504 2444 713 2503 monasterium
740 2447 831 2504 salicti
855 2446 976 2505 ioannis
1006 2445 1054 2503 de·
1093 2451 1231 2528 quoniam
1248 2456 1275 2505 et
1294 2462 1394 2505 eorum
1415 2445 1534 2514 subditi,
1555 2443 1678 2503 dirersis
1696 2451 1810 2504 utentes
1830 2444 1945 2518 regulis,

196 2532 294 2592 veniat
314 2533 390 2606 J'uris
413 2534 582 2594 auctoritate
607 2537 742 2611 episcopi,
769 2538 925 2597 itautsuo
945 2537 1051 2610 studio,
1094 2558 1151 2602 nou
1180 2537 1309 2613 ejusdem
1342 2535 1569 2596 conversationis
1608 2535 1740 2594 instituta
1768 2536 1945 2595 custodiunt.
2027 2546 2029 2595 l

196 2637 309 2696 atroque
335 2620 431 2680 labore
459 2628 616 2681 memorato
642 2623 725 2682 Petro
753 2625 894 2685 Damione
921 2627 1053 2702 episcopo
1094 2629 1178 2689 Unde
1203 2642 1256 2686 nos
1278 2642 1377 2685 eorum
1397 2625 1469 2699 paci,
1490 2624 1570 2698 quod
1590 2624 1675 2682 uobis
1697 2623 1846 2682 commissi
1870 2630 1946 2693 suut,
2028 2648 2029 2703 q

196 2709 310 2785 plebem
332 2711 424 2784 ipsam
447 2711 627 2770 medietatem
650 2714 823 2775 nominatim
847 2731 918 2773 cnm
943 2714 1053 2773 medie·
1095 2731 1209 2775 necesse
1235 2720 1277 2772 est
1302 2712 1463 2786 providere,
1486 2719 1514 2768 et
1542 2710 1648 2769 laturis
1668 2709 1871 2769 scandalorum
1899 2726 1945 2767 re·

197 2804 253 2856 tate
265 2797 300 2856 de
316 2804 391 2855 terra
409 2804 438 2854 et
455 2799 605 2857 medietate
623 2800 816 2861 decimatione
835 2819 886 2862 sua
906 2802 937 2860 in
956 2801 1053 2861 omni·
1095 2805 1204 2881 pribus,
1234 2818 1271 2860 ne
1300 2817 1350 2875 per
1382 2801 1560 2858 incrementa
1587 2800 1727 2874 ipsorum,
1758 2799 1838 2874 qnod
1864 2801 1944 2869 absit,

196 2887 252 2947 bus
267 2894 363 2945 tenere
383 2893 411 2944 et
426 2887 569 2961 possidere
586 2890 710 2948 debeant
729 2891 789 2965 ipse
809 2898 836 2950 et
855 2892 901 2951 sui
918 2892 1053 2951 monaclri
1093 2893 1260 2970 pestilenter
1296 2889 1475 2959 oboriantur,
1503 2904 1662 2947 occurrere.
1686 2888 1864 2963 Quapropter
1898 2905 1949 2961 ego

196 2978 353 3038 eremitarii
368 2978 398 3036 in
413 2985 595 3055 perpetuum.
611 2980 833 3056 Quaprocausa
836 3026 914 3043 ......
930 2986 1053 3042 missum
1096 2981 1197 3040 Petrus
1221 2982 1351 3052 peccator
1374 2976 1534 3035 monachus
1554 2977 1583 3034 in
1610 2976 1728 3034 nomine
1744 2976 1797 3035 liei
1818 2976 1948 3050 omnipo-

196 3073 239 3126 est
274 3066 342 3125 dare
376 3076 463 3140 atque
489 3066 598 3128 inferre
624 3066 746 3129 debeant
774 3073 938 3146 supradicto
971 3070 1181 3169 Petroctentis
1208 3066 1300 3145 Patris
1320 3072 1349 3125 et
1374 3065 1442 3124 Filii
1465 3073 1492 3124 et
1518 3065 1643 3139 Spiritus
1671 3065 1828 3137 sanction
1854 3072 1948 3125 auem

197 3156 337 3216 Damiano
352 3157 484 3232 episcopo
503 3158 622 3234 suisque
641 3162 800 3233 monacbis,
820 3163 991 3235 rationibus,
1007 3162 1054 3223 in·
1099 3161 1181 3223 ritate
1199 3171 1381 3218 summorum
1398 3156 1593 3229 apostolorum
1614 3156 1689 3214 Petri
1708 3164 1736 3214 et
1756 3156 1858 3226 Pauli,
1878 3170 1950 3229 quo·

197 3245 241 3303 ira
267 3245 372 3318 manto
400 3246 558 3306 venerabili
585 3249 717 3325 episcopo
742 3251 866 3315 sinentis
889 3251 1055 3325 quibusque
1099 3265 1165 3309 rum
1184 3264 1236 3321 ego
1255 3245 1490 3319 licetiudiqnum
1511 3244 1654 3305 famulum
1674 3246 1949 3318 ineesseprollleor‚
2027 3256 2028 3299 l

198 3334 284 3393 annis
311 3336 374 3394 sine
408 3335 506 3409 aliqua
543 3353 623 3397 mora
653 3339 699 3397 rel
735 3339 875 3400 dilatione
907 3341 1056 3415 pensionis
1098 3338 1291 3414 praesentibus
1320 3344 1348 3394 et
1376 3335 1623 3394 consentientibus
1648 3343 1735 3409 alque
1766 3334 1951 3393 laudantibus

199 3424 319 3481 nomine
345 3422 375 3483 in
400 3424 553 3484 festivitate
575 3429 666 3486 sancti
692 3427 767 3487 Petri
789 3429 975 3489 denariorum
998 3428 1056 3487 Ve·
1099 3428 1231 3488 Gnidone
1257 3425 1417 3484 clarissimo
1444 3425 1547 3483 comite
1574 3430 1601 3482 et
1625 3424 1772 3484 lirarelirra
1794 3427 1858 3500 ejus
1880 3440 1950 3484 sere·

198 3512 359 3574 salicorum
386 3512 494 3574 solidos
524 3531 645 3575 numero
676 3523 732 3577 tres
759 3519 949 3579 ntlnutorom.
972 3518 1056 3588 Quod
1100 3515 1220 3574 pissima
1239 3529 1345 3584 uxore,
1366 3513 1522 3581 constituo,
1542 3513 1644 3572 ordino
1660 3522 1747 3586 atque
1761 3514 1900 3577 decerno,
1919 3520 1950 3571 ut

198 3606 223 3662 si
243 3602 396 3678 quisquam
425 3618 524 3662 eorum
546 3612 646 3665 contra
669 3596 743 3664 litiae
767 3607 863 3680 placiti
886 3607 1055 3666 conventio·
1100 3604 1388 3676 amodoetdeinceps
1402 3602 1434 3660 in
1456 3608 1623 3676 perpetuum
1646 3618 1760 3661 eremus
1780 3600 1949 3676 Gammugni

198 3690 304 3766 nisque
332 3693 472 3752 chartulae
496 3694 600 3752 seriem
627 3692 657 3752 in
683 3702 738 3754 tota
765 3702 845 3767 parte
871 3695 963 3770 plebis
991 3695 1056 3768 ejus
1100 3694 1225 3768 quodam
1250 3693 1431 3751 discretionis
1455 3690 1650 3749 moderamine
1679 3698 1707 3748 et
1734 3689 1824 3749 libera
1848 3691 1904 3760 sit,
1925 3696 1951 3748 et

199 3782 918 3865 quolibclmodoveniretentaveritlunrdaluri
924 3829 978 3845 .....
994 3788 1058 3861 ejus
1099 3782 1235 3856 subjecta.
1262 3781 1366 3840 Libera
1389 3781 1518 3855 quidem,
1537 3781 1561 3840 si
1582 3781 1613 3838 in
1634 3796 1686 3839 suo
1712 3786 1789 3841 sata
1818 3796 1949 3856 perman·

200 3874 373 3947 promittunt
376 3917 478 3933 .........
494 3875 582 3949 partis
597 3876 674 3933 idem
690 3893 804 3935 serrare
818 3885 885 3935 alite
898 3893 984 3935 unaue
998 3878 1058 3935 litis
1100 3875 1179 3945 serit,
1199 3874 1253 3931 boc
1273 3878 1315 3930 est
1336 3872 1359 3929 si
1382 3879 1557 3930 conventum
1579 3872 1788 3930 monachornm
1812 3870 1950 3938 babuerit,
2026 3884 2027 3949 ,

199 3963 318 4024 initium
340 3966 653 4051 poenaenomineapri
673 3967 741 4026 boni
762 3967 974 4039 librassea,et
994 3975 1059 4043 post
1099 3966 1152 4041 qui
1177 3966 1266 4025 vilem
1292 3964 1475 4022 eremeticam
1500 3970 1616 4022 teneant
1640 3970 1667 4022 et
1689 3962 1856 4036 subpriore
1869 3976 1950 4033 regu·
2026 3974 2027 3981 ¹

102 4120 108 4129 ¹
200 4054 326 4113 solutam
346 4071 460 4129 poenam
484 4057 559 4115 banc
583 4056 739 4116 inlicteosis
758 4058 877 4116 ca'rtulrn
901 4058 1003 4116 seriem
1027 4058 1058 4115 in
1102 4054 1199 4113 lariter
1227 4055 1346 4125 vivant3
1370 4053 1498 4127 subjecta
1521 4068 1589 4112 vcro
1611 4052 1640 4112 in
1667 4054 1721 4112 boc
1744 4051 1948 4119 tantummodo,

201 4157 286 4201 suam
322 4152 436 4203 maneat
462 4142 638 4203 firmitatem.
669 4145 728 4203 Has
751 4154 851 4204 antem
880 4146 952 4205 duas
989 4146 1058 4206 uni·
1100 4152 1572 4219 ulperununrqnemqueannum
1594 4142 1799 4201 monasterium
1818 4142 1948 4209 boemia,

201 4230 293 4289 forme
324 4246 383 4290 uno
421 4240 519 4291 tenore
552 4233 727 4308 conscriptas
754 4235 867 4293 chartas
890 4235 963 4293 milri
994 4220 1056 4294 se-
1101 4234 1253 4293 duodecim
1276 4233 1408 4292 derrarlos
1434 4233 1635 4292 veneticorum
1656 4249 1707 4307 pro
1730 4233 1869 4308 pensione
1890 4246 1949 4306 pcr-

201 4319 297 4393 pbano
317 4319 447 4399 scriptori
474 4328 580 4379 sanem
602 4320 744 4387 Romanae
768 4323 903 4391 Ecclesiae
928 4324 1059 4383 scriben-
1101 4325 1204 4384 solvat.
1225 4324 1333 4383 Praeter
1354 4323 1417 4382 baec
1441 4324 1557 4383 nullum
1572 4323 1621 4397 jus
1646 4323 1817 4399 nullamque
1835 4328 1949 4399 presa-

201 4408 273 4469 dum
299 4410 405 4484 pariter
429 4410 619 4479 dictaverunt,
643 4428 747 4487 easque
776 4413 907 4487 propriis
924 4415 1059 4473 manibus
1102 4420 1159 4472 tem
1185 4412 1229 4471 rel
1254 4412 1392 4471 ditionem
1419 4411 1553 4471 abbatem
1580 4413 1648 4472 dicti
1680 4412 1845 4472 monasterii
1871 4424 1951 4483 super

201 4501 369 4560 roborantes
396 4500 510 4560 testium
516 4546 582 4562 ......
609 4502 775 4563 obtulerunt
803 4471 1089 4574 subscribendum,D
1103 4504 1198 4577 ipsum
1218 4517 1350 4560 erearum
1370 4504 1490 4576 ejusque
1512 4502 1697 4576 pertinentias
1719 4502 1764 4560 vel
1786 4501 1953 4559 habitatores
2025 4564 2026 4591 ,

198 4595 227 4647 et
245 4588 302 4648 sibi
322 4588 447 4649 induem
468 4590 645 4652 tradiderunt
660 4594 715 4652 snb
728 4593 914 4667 stipulatione
930 4602 958 4651 et
975 4609 1060 4669 spon·
1103 4593 1166 4665 ejus
1181 4591 1284 4649 babere
1306 4591 1511 4661 concedimus;
1535 4590 1649 4649 nullum
1675 4591 1772 4667 itaque
1792 4593 1841 4664 jus
1862 4587 1951 4647 dorni·
2025 4612 2026 4643 r

199 4677 282 4735 sione
312 4675 480 4741 solemniter
498 4679 717 4754 interponentis,
742 4689 808 4752 etc,
829 4683 883 4741 snb
909 4683 956 4741 die
981 4698 1059 4740 anno
1103 4682 1157 4754 nii,
1180 4682 1295 4740 virtutis
1311 4697 1344 4739 ac
1363 4680 1509 4754 potestatis
1534 4679 1622 4739 abbas
1647 4681 1794 4751 interdicti
1814 4684 1951 4740 monaste·

200 4765 384 4840 pontificatus
403 4768 433 4826 iu
452 4784 550 4826 mense
565 4776 592 4826 et
605 4769 761 4828 indictione
776 4773 940 4846 supradicta
953 4773 1057 4846 prima.
1105 4770 1139 4828 rii
1153 4770 1214 4829 sire
1225 4785 1277 4843 per
1293 4786 1333 4840 se,
1353 4770 1415 4827 sire
1434 4785 1484 4842 per
1505 4786 1582 4839 snos,
1602 4770 1755 4844 quiritatu
1776 4768 1952 4829 eremeticam

202 4856 261 4931 Ego
288 4856 391 4917 Petrus
419 4855 587 4937 Ferentinae
611 4857 748 4917 Ecclesiae
774 4862 926 4935 episcopus
953 4878 1004 4932 ss,
1033 4868 1060 4918 et
1104 4861 1232 4919 fortassis
1256 4859 1406 4931 elegerint,
1424 4859 1486 4917 illie
1509 4859 1544 4917 ad
1570 4859 1760 4918 habitandum
1783 4858 1956 4918 consituere

200 4944 335 5005 Riculius
347 4945 571 5019 archiplebanus
585 4947 716 5006 interluit
739 4948 817 5006 testis
832 4965 870 5006 ss.
886 4956 899 5017 l
914 4949 972 5022 Ego
988 4950 1059 5008 Gre-
1103 4952 1197 5011 liceat.
1223 4950 1331 5008 Neuter
1350 4949 1446 5025 itaque
1470 4948 1550 5015 locus
1573 4948 1654 5007 alteri
1674 4947 1742 5015 nisi,
1758 4947 1833 5007 sicot
1849 4946 1956 5005 dictum

200 5034 298 5108 gorius
319 5035 466 5108 presbyter
490 5036 626 5096 canonice
642 5036 732 5095 sancti
752 5036 867 5096 Martini
885 5038 1060 5111 Egubicnsis
1104 5051 1156 5115 est,
1184 5040 1361 5101 dominando
1400 5039 1553 5114 praesideat
1591 5039 1639 5097 sed
1685 5040 1810 5097 iraterna
1836 5035 1956 5096 ebaritas
2024 5050 2025 5073 ¹

201 5122 338 5182 Ecclesia¹
355 5124 433 5183 testis
450 5134 565 5201 rugans
582 5143 670 5187 manu
686 5128 927 5201 measubscripsi.
947 5135 960 5196 †
982 5128 1059 5187 Dru·
1106 5142 1263 5208 utrumque
1292 5133 1322 5191 in
1349 5147 1448 5190 amore
1474 5130 1580 5191 Girristi
1605 5138 1764 5189 connectat.
1789 5129 1958 5202 adiacentes
2024 5136 2025 5167 r

199 5213 255 5272 (¹¹¹³
279 5213 358 5274 filius
379 5216 525 5290 quondam
545 5217 635 5278 Gffiw
656 5219 735 5277 [0511ss
755 5225 878 5291 rogalm.
906 5218 1059 5291 Sigssuffli
1103 5232 1200 5283 autem
1216 5224 1368 5297 utriusque
1389 5220 1442 5278 loci
1468 5218 1661 5293 possessiones
1681 5220 1720 5276 ila
1742 5217 1912 5280 dividimus,
1925 5215 1958 5267 ut

201 5302 277 5362 Nero
295 5303 373 5363 lilios
393 5304 503 5365 Cornus
520 5305 635 5366 civitate
656 5306 811 5380 Engubina
832 5306 911 5365 testis
930 5314 1058 5379 rogatus.
1104 5310 1325 5378 morrasterium,
1341 5325 1407 5382 quea
1427 5308 1472 5367 sui
1486 5307 1562 5382 juris
1580 5314 1658 5378 sunt,
1675 5306 1704 5365 irr
1719 5305 1843 5364 circuitu
1857 5306 1956 5360 cunda

202 5391 327 5467 Signum
342 5400 355 5461 l
369 5393 546 5455 Rusticelius
562 5398 650 5456 testis.
1104 5399 1246 5474 possideat
1267 5413 1359 5472 usqne
1384 5398 1420 5455 ad
1447 5396 1542 5468 locum
1567 5397 1618 5471 qui
1644 5394 1820 5456 Jumentella
1841 5392 1955 5450 dicitur.

236 5482 297 5554 lino
311 5481 476 5559 Stephanus
497 5488 618 5562 scriptor
640 5496 747 5548 sanotae
765 5489 905 5550 Romanae
923 5489 1059 5550 Ecclesiae
1103 5490 1175 5549 Inde
1196 5489 1283 5548 otiam
1300 5503 1351 5562 per
1373 5487 1503 5546 medium
1525 5486 1640 5545 radium
1660 5501 1754 5560 usque
1771 5485 1805 5544 ad
1831 5486 1958 5541 montem

198 5561 261 5645 post
276 5572 394 5632 testium
408 5575 551 5647 conrpleri
567 5576 728 5637 etabsolri.
1103 5579 1285 5648 Rotundum,
1307 5583 1336 5637 et
1365 5576 1519 5651 usquead
1543 5576 1655 5636 tlumen
1679 5591 1730 5650 per
1758 5573 1865 5643 rivam,
1893 5568 1956 5643 ipw
2023 5596 2024 5655 3
