4100 6209
195 250 261 346 'roal
425 280 455 348 s.
476 274 589 349 esrai
608 273 770 348 blumbi
788 264 868 348 orr.
890 261 987 347 raas
1006 274 1078 349 sao
1097 263 1223 348 nouos
1239 286 1280 347 11.
1300 317 1335 333 -
1354 268 1583 348 saacronun
1602 246 1713 349 urm.
1879 280 1953 350 roas

191 411 375 487 particulam.
403 411 442 471 Ut
461 418 560 471 auem
584 412 743 472 secundum
767 411 921 486 apostolica
941 411 1193 486 monitaAsponte
1225 412 1389 474 veterinum
1424 410 1534 473 animal
1570 410 1741 471 advolasset
1771 408 1836 483 Quo
1864 412 1951 486 boto,

192 500 281 561 tantis
303 500 356 560 Dei
377 499 527 560 benefieiis
551 506 649 559 essent
664 500 750 575 grati,
768 500 800 558 in
821 500 961 559 honorem
984 500 1047 573 Dei,
1090 500 1209 560 brutum
1225 501 1336 561 animal
1352 500 1389 559 ab
1411 501 1522 576 angelis
1546 500 1610 573 Dei,
1630 500 1794 576 sanctisque
1813 501 1950 578 martyri·

192 595 222 649 et
234 590 268 649 B.
284 589 394 663 llariae,
409 606 442 650 ao
457 589 508 651 SS.
524 590 619 649 Florae
633 597 662 649 et
677 589 798 649 Lucillae
811 589 961 648 basilicam
978 604 1048 648 eon·
1090 589 1145 650 bus
1166 591 1296 663 ductum,
1317 589 1402 666 quasi
1422 590 1458 649 de
1475 590 1638 651 carceribus
1664 598 1837 664 erumperet,
1858 607 1952 653 cursu

192 681 339 753 diderunt,
357 687 386 739 et
412 697 463 756 per
484 689 596 741 santes
613 697 715 741 earum
741 680 878 752 reliquias
898 678 988 738 dicari
1011 680 1051 737 ie·
1090 679 1271 738 velocissimo
1299 670 1437 750 moniam,
1463 680 1516 754 qui
1540 684 1612 739 tunc
1634 677 1758 738 Titanus
1786 680 1947 753 dicebatur,

192 778 303 831 cerunt.
323 770 434 829 Nomen
459 771 547 829 etiam
572 770 671 845 oppidi
695 768 934 844 principatusque
962 767 1008 827 sui
1033 783 1050 826 a
1089 769 1228 841 ascendit,
1246 774 1274 827 et
1296 768 1327 827 in
1348 768 1411 827 loco
1428 774 1505 828 certo
1523 767 1630 828 sanctis
1652 766 1766 827 caelitus
1787 768 1945 831 constituto

192 867 298 919 sanctae
328 858 423 918 Florae
447 858 568 918 nomine
596 856 780 920 denominari
800 857 963 932 jusserunt,
981 872 1049 917 cum
1089 859 1226 931 constitit,
1241 859 1294 933 qui
1317 858 1354 917 ab
1380 857 1451 918 urbe
1473 858 1592 918 Aretias
1613 874 1665 933 per
1688 859 1749 918 duo
1771 859 1864 918 millia
1887 860 1950 920 iere

190 949 322 1025 primum
333 949 473 1023 oppidum
481 949 580 1023 Auria,
593 957 621 1008 et
632 948 688 1023 ipsi
703 949 827 1007 amiatae
842 947 961 1007 comites
973 946 1048 1005 dioe-
1090 962 1228 1020 passuum
1243 947 1338 1006 distat.
1354 945 1410 1005 Ubi
1423 946 1504 1006 brevi
1517 946 1671 1007 devotione
1683 946 1815 1007 fidelium
1828 948 1949 1008 basilios

192 1043 305 1096 renim.
1089 1041 1163 1099 iacta
1174 1046 1227 1109 est,
1242 1046 1272 1098 et
1290 1038 1499 1098 monachorum
1510 1038 1687 1111 ooenobium,
1703 1039 1781 1113 quod
1796 1040 1948 1100 sanctiate

227 1127 274 1186 ab
287 1125 392 1202 oppido
410 1127 499 1201 igitur
517 1133 624 1186 sancta
640 1126 735 1185 Florae
750 1132 778 1185 et
797 1124 939 1199 religiosis
955 1122 1046 1184 comi·
1089 1127 1330 1187 commorantium
1349 1126 1382 1185 in
1401 1142 1435 1186 eo
1453 1133 1481 1187 et
1496 1126 1648 1187 intercutu
1668 1126 1818 1201 virginum
1838 1126 1948 1187 crebris

193 1214 272 1275 tibus
286 1216 425 1275 abeuntes
435 1218 490 1276 iter
507 1216 756 1291 prosequebantur
770 1215 918 1289 inceptum
928 1215 1047 1288 Jamque
1089 1215 1460 1294 magnisquemiraculisin
1475 1216 1582 1275 multos
1593 1231 1688 1275 annos
1694 1216 1865 1276 mirabiliter
1875 1218 1949 1277 ado·

192 1304 230 1362 sd
256 1304 408 1364 aretinam
434 1305 584 1379 planitiem
616 1304 860 1379 propinquabant,
886 1317 954 1360 cum
984 1316 1049 1359 ecce
1092 1305 1170 1365 levit.
1199 1305 1254 1364 Pro
1280 1305 1363 1377 cujus
1386 1301 1550 1362 celebritate
1577 1303 1715 1374 coenobii,
1739 1312 1768 1363 et
1794 1304 1950 1365 devotione

191 1392 313 1452 ωῐῑθὶίὶῡ
336 1392 577 1469 Dei,jumentu1n
601 1393 677 1467 quod
700 1406 780 1451 sacra
801 1404 919 1463 corpora
936 1388 1049 1447 delere·
1090 1400 1265 1465 sanctarum,
1280 1399 1408 1452 castrum
1436 1391 1477 1451 ibi
1501 1392 1653 1452 conditum
1677 1397 1731 1465 est,
1751 1398 1819 1452 eta
1846 1401 1949 1454 sancta

191 1481 251 1553 bat,
274 1481 398 1541 ulterius
425 1499 456 1541 se
486 1482 590 1542 deduci
615 1479 707 1541 nullis
734 1477 984 1539 adhortationibus
1002 1477 1049 1536 vel
1090 1483 1185 1556 Flora,
1199 1482 1274 1541 sicut
1288 1487 1317 1541 et
1329 1495 1414 1540 mons
1434 1481 1495 1554 ipse
1512 1487 1599 1553 totus,
1614 1482 1725 1556 accepit
1743 1496 1849 1543 nomen
1867 1483 1950 1560 quod

191 1571 362 1630 verberibus
389 1570 566 1630 admittebat.
592 1570 716 1630 Attoniti
746 1568 884 1641 ministri,
903 1574 932 1626 et
959 1567 1050 1626 samm
1089 1572 1177 1630 annis
1190 1571 1327 1645 plurimis
1339 1569 1448 1630 floruit.

191 1657 318 1717 invicem
341 1664 539 1732 exspectantes
559 1665 587 1717 et
607 1658 677 1730 nnio
703 1657 759 1715 sibi
782 1656 889 1716 vetlem
908 1662 1050 1730 martyres
1126 1663 1200 1734 (361)
1239 1666 1438 1721 aromatarium
1475 1678 1538 1719 cero
1565 1678 1636 1719 onae
1660 1665 1771 1720 Domini
1798 1665 1949 1722 mlumimo

192 1746 369 1821 ignorantes,
388 1750 532 1823 episcopo,
551 1749 602 1823 qui
624 1749 686 1823 jam
712 1747 845 1805 Aretium
867 1752 1046 1822 pervenerat,
1058 1756 1232 1838 Brenteeirao
1253 1753 1426 1821 nonogesimo
1441 1755 1525 1809 tertio
1543 1768 1594 1823 per
1615 1754 1748 1821 toabam
1767 1754 1951 1810 Matinum

191 1837 262 1908 quid
287 1837 343 1896 sibi
358 1839 524 1912 contigisset
537 1839 673 1896 intimare
694 1852 752 1895 non
775 1836 937 1910 negligunt.
967 1836 1049 1896 Tunc
1090 1844 1204 1911 dmitos
1217 1848 1244 1898 ct
1266 1843 1435 1900 &attatinos
1454 1842 1578 1898 diadum
1597 1847 1645 1900 ast.
1662 1843 1722 1910 Quo
1742 1838 1816 1897 507
1835 1842 1951 1899 demta.

191 1924 314 1984 devotus
327 1927 464 1999 antistes,
489 1935 602 2000 accepto
627 1926 741 1997 nuntio,
761 1933 790 1983 et
808 1926 938 1985 maxima
957 1926 1050 1986 dedu·
1092 1933 1163 1988 tiene
1176 1936 1299 2003 peracta,
1321 1947 1381 1987 com
1399 1932 1502 1986 sanctis
1521 1932 1648 2002 reliquiis
1671 1933 1837 1989 trorutotdm
1856 1936 1899 1988 est
1918 1935 1951 1989 in

191 2019 257 2073 ctus
271 2015 461 2077 multitudine
479 2017 652 2076 clemcurum
676 2023 705 2076 et
726 2015 827 2090 populi
848 2017 975 2090 perrexit
997 2017 1049 2076 ob·
1089 2021 1463 2091 permanseruntque
1481 2020 1560 2076 toda
1581 2022 1703 2089 uirgines
1725 2027 1825 2076 souma
1844 2036 1953 2090 mopso

192 2101 272 2161 riam
293 2106 411 2176 sanctis,
426 2113 455 2164 et
472 2106 629 2179 praemissis
649 2104 783 2180 precibus
800 2105 889 2164 sacris
911 2111 939 2164 et
954 2104 1048 2180 lacry·
1086 2112 1186 2182 popub
1200 2113 1371 2167 cenamioae
1384 2111 1519 2167 coluntur.
1536 2110 1663 2168 dostram
1675 2125 1738 2165 sero
1752 2114 1857 2181 postea
1873 2126 1950 2167 anuo

191 2190 247 2250 mis
268 2208 402 2267 aspersus
421 2210 471 2269 per
499 2196 627 2269 seipsum
644 2197 811 2270 jumentum
837 2194 911 2254 illud
932 2206 1049 2255 morere
1089 2200 1200 2255 bomim
1216 2199 1361 2255 mdtestom
1376 2200 1518 2254 emtesimo
1531 2199 1707 2267 marpesiae
1729 2201 1816 2262 reato,
1832 2202 1953 2269 propter

191 2289 311 2343 conatus
339 2290 391 2342 est.
422 2285 505 2355 Quod
529 2289 657 2343 comet
679 2282 741 2356 ipse
763 2297 822 2340 non
848 2288 953 2356 posset,
976 2282 1050 2345 inito
1090 2287 1491 2357 westmonasterium
1512 2292 1553 2343 est
1569 2291 1700 2356 ramata
1719 2288 1832 2342 Domino
1854 2291 1953 2343 ambo

192 2385 260 2429 oum
274 2372 337 2431 suis
348 2373 481 2445 oonsilio,
498 2375 665 2449 jumentum
683 2372 766 2431 abire
783 2371 896 2443 sinunt,
907 2387 961 2446 pro
973 2380 1051 2432 certo
1090 2380 1154 2435 lesu
1168 2380 1285 2445 obito,
1301 2380 1351 2450 put·
1370 2380 1590 2447 astamorsel
1603 2381 1635 2435 in
1651 2378 1752 2436 seatta
1774 2378 1951 2439 wodanum.

194 2458 289 2519 sciens
305 2475 374 2522 eum
398 2461 494 2523 locum
516 2479 534 2522 a
557 2463 663 2524 sancds
683 2462 817 2536 electum,
830 2462 867 2522 ad
888 2478 977 2538 quem
997 2480 1051 2524 sua
1091 2469 1192 2528 Amen.

908 2587 1092 2650 J.·CUPERI
1110 2589 1232 2652 ΝΟΜ.

223 2685 291 2753 (tot)
302 2686 392 2741 tddlts
404 2687 462 2741 bec
473 2699 588 2755 prorsus
598 2692 662 2744 sunt
679 2689 714 2745 de
729 2690 810 2745 ruina
823 2690 978 2743 monasterii
996 2692 1023 2743 et
1039 2691 1121 2744 astri
1133 2696 1234 2746 senotae
1245 2689 1338 2747 Florae.

193 2881 505 2899 *—

254 3054 536 3166 aaronita
570 3060 835 3168 viaturam
868 3065 939 3167 ss.
974 3056 1288 3169 aleriensi
1322 3056 1556 3165 alaram
1592 3058 1659 3163 aa
1689 3056 1890 3165 alcon.
1996 3206 1999 3211 A

967 3268 1019 3348 (ao
1037 3263 1175 3345 aprilis.)

191 3432 316 3496 Horren
327 3440 517 3497 oenomaum
535 3433 642 3499 Vitam
662 3434 702 3498 ab
724 3445 855 3500 auctore
878 3437 1006 3501 oculato
1031 3443 1107 3500 teste
1133 3437 1355 3518 conscriptam
1374 3432 1599 3498 Herascbcairts
1613 3432 1701 3497 inter
1718 3433 1799 3498 lete
1812 3438 1950 3496 suacie-

229 3531 308 3577 rum
322 3515 367 3578 oei
380 3512 470 3579 diem
487 3514 525 3580 30
539 3515 663 3596 Aprilis
675 3518 824 3597 culpavit
842 3525 873 3580 et
888 3516 1073 3581 illustravit
1087 3513 1367 3581 adnotationibus.
1382 3514 1486 3580 Socra
1505 3530 1618 3577 eoram
1630 3530 1767 3595 corporo
1784 3516 1820 3576 in
1832 3511 1950 3592 Eupo·
2010 3554 2011 3581 r

230 3594 310 3656 bitte
326 3602 538 3658 asserventur
550 3595 696 3670 ecclesio,
713 3614 784 3677 quta
802 3601 950 3677 ipsoram
968 3598 1065 3661 tituto
1079 3606 1128 3661 est
1141 3597 1303 3679 insignito
1317 3614 1329 3677 ,·
1346 3599 1492 3679 ipsorum
1506 3600 1621 3659 aetem
1634 3595 1841 3674 martyrium
1856 3593 1948 3655 circo

229 3691 362 3737 uanum
380 3674 499 3739 Christi
517 3676 576 3740 259
598 3677 754 3740 occidisse
780 3677 940 3740 traditur.

225 4002 290 4068 Jam
303 4007 392 4082 tuero,
410 4012 442 4066 ut
461 4004 498 4066 de
519 4006 582 4066 istis
607 4003 771 4067 visionibus
791 4006 915 4066 istorum
938 4011 1078 4071 sanem-G
1125 4005 1205 4079 Quod
1234 4010 1331 4066 autem
1358 4004 1390 4063 Β.
1419 4003 1586 4064 Manedum
1608 4002 1639 4062 in
1666 3999 1799 4060 alborem
1828 3998 1948 4059 &ustae

189 4108 257 4155 rum
278 4094 378 4169 aliqua
398 4096 543 4154 succincte
563 4101 781 4168 pertractemus,
801 4096 868 4169 ouis
891 4101 944 4166 est,
961 4110 1048 4173 quem
1092 4096 1190 4155 locum
1209 4103 1320 4169 martyr
1338 4094 1500 4168 Cyprianus
1514 4090 1632 4161 extulit,
1647 4091 1702 4149 boc
1719 4086 1883 4161 intelligere
1897 4087 1951 4147 de·

184 4184 286 4242 beatus
312 4182 460 4241 llarianus
479 4181 609 4256 iudicem
629 4183 661 4241 in
686 4182 824 4245 tribunati
848 4183 968 4256 viderat,
992 4184 1050 4242 nisi
1093 4186 1206 4257 bemus,
1225 4184 1294 4258 quie
1312 4182 1429 4258 speciali
1449 4181 1589 4254 dignitate
1608 4178 1741 4253 martyrii
1761 4190 1830 4236 eum
1847 4174 1951 4235 Domi·

189 4270 250 4345 ille,
265 4270 317 4344 qui
336 4271 368 4329 in
386 4270 459 4328 ooelo
477 4270 645 4345 praesidem,
661 4280 774 4345 accepto
793 4288 811 4329 a
831 4272 913 4331 Patre
929 4273 1050 4348 judicio,
1094 4287 1152 4331 nus
1170 4272 1247 4330 inter
1268 4280 1410 4345 martyres
1425 4268 1604 4328 sublimavit.
1621 4265 1677 4326 Sed
1699 4264 1772 4341 quid
1793 4270 1836 4322 est
1857 4263 1951 4337 quod,

190 4361 227 4421 de
250 4360 327 4420 viris
350 4367 379 4419 et
403 4359 525 4420 mortuis
550 4359 687 4436 judicati
714 4360 795 4421 Sicut
818 4363 956 4437 scriptum
984 4370 1049 4422 est:
1094 4358 1281 4436 precipiente
1304 4357 1439 4431 Domino,
1452 4357 1484 4416 Β.
1501 4364 1611 4430 martyr
1635 4356 1668 4414 in
1689 4355 1786 4414 locum
1805 4351 1953 4427 passionis

188 4454 272 4508 Pater
296 4467 350 4508 noa
382 4450 494 4521 iudica
524 4468 707 4522 quemquam,
736 4453 784 4509 sed
807 4469 884 4510 omne
910 4454 1050 4523 judiciam
1092 4446 1230 4517 aseendit,
1245 4446 1295 4506 sed
1311 4453 1380 4506 tunc
1397 4444 1539 4521 passionis
1557 4443 1730 4517 martyrium
1753 4456 1810 4500 non
1829 4439 1951 4513 aceepit,

191 4541 362 4598 dedititiis
388 4542 474 4612 (loon.
505 4542 542 4613 v).
570 4538 625 4609 Qui
653 4540 774 4599 honesta
799 4548 826 4599 et
852 4541 954 4601 decora
979 4542 1051 4600 tacie
1092 4537 1150 4596 nisi
1170 4535 1249 4610 quod
1267 4535 1312 4594 rir
1330 4534 1454 4609 quisque
1472 4532 1624 4607 perlectus,
1638 4529 1690 4607 qui
1703 4530 1764 4604 y'am
1788 4544 1819 4587 se
1836 4530 1866 4587 iu
1889 4526 1951 4586 rir-
2010 4572 2011 4575 ,

189 4628 364 4702 ridebatur,
386 4627 455 4701 quia
481 4629 529 4686 bic
544 4636 587 4686 est
609 4630 645 4686 de
668 4644 726 4703 quo
749 4628 882 4689 dicitur:
907 4634 1051 4703 speciosus
1092 4632 1270 4685 tutumarce
1291 4623 1483 4699 erexitque
1505 4622 1565 4696 y'am
1592 4622 1658 4680 totis
1684 4618 1800 4678 obibus
1824 4617 1862 4676 ad
1884 4631 1951 4675 mo-

188 4720 281 4788 soma
297 4735 357 4791 rme
380 4720 447 4789 atto
474 4720 613 4773 bominum
643 4718 925 4786 (beataemariae
952 4720 1051 4794 itaque
1095 4719 1231 4778 riendum
1256 4732 1305 4792 pro
1330 4716 1444 4775 Christo
1467 4714 1572 4773 mentis
1589 4712 1779 4771 intentionem
1799 4707 1950 4767 firmarit:
2010 4706 2011 4737 ³

188 4805 226 4864 ad
259 4813 401 4866 tormenta
440 4806 619 4864 consessores
661 4806 847 4880 praecipiebat
887 4808 1053 4879 ascendere,
1095 4808 1264 4866 bustamen
1280 4806 1422 4876 differtur,
1439 4811 1586 4893 quatenus
1604 4802 1667 4875 ejus
1691 4798 1868 4859 desiderium
1886 4811 1954 4856 am·

189 4897 261 4973 quia
285 4894 500 4973 quantumlibet
522 4894 680 4955 furibunda
698 4904 915 4971 persecutorum
938 4899 1056 4958 demen—
1095 4897 1173 4972 plius
1186 4897 1316 4971 quotidie
1331 4894 1496 4971 augeatur?
1512 4893 1596 4953 Unde
1615 4892 1648 4951 in
1669 4893 1724 4950 bac
1746 4891 1857 4951 risione
1875 4896 1953 4949 reete

191 4988 231 5046 tia
250 4987 362 5058 saetiat,
383 4985 597 5059 quatitumtibet
620 4986 656 5044 ad
673 4986 842 5059 patiendum
863 5002 916 5060 pro
938 4988 1054 5046 Gbristo
1096 4987 1220 5047 dicitur:
1236 4987 1403 5060 Exsurgens
1418 4985 1511 5059 juder
1531 4984 1567 5041 ad
1583 4980 1752 5057 praetorium
1775 4992 1862 5038 suum
1880 4976 1952 5049 ibat,

189 5076 311 5137 devotus
347 5074 479 5135 tidelium
514 5073 633 5133 animus
659 5074 831 5148 inardescat,
858 5076 895 5134 ad
920 5076 1054 5151 martyrii
1095 5092 1183 5152 quem
1208 5092 1261 5137 nos
1282 5076 1388 5152 pariter
1407 5075 1648 5148 sequebamura
1674 5071 1737 5131 loco
1757 5070 1865 5145 quippe
1892 5074 1952 5127 tor·

190 5167 412 5240 celsitudinem,
440 5166 497 5226 nisi
524 5157 613 5242 quem
640 5165 691 5225 ille
723 5167 834 5227 monito
860 5182 914 5226 suo
942 5167 1055 5241 jndicio
1096 5164 1187 5224 menti
1219 5164 1255 5222 ad
1290 5163 1459 5239 praetorium
1487 5175 1575 5222 suum
1599 5158 1729 5235 judicem
1757 5155 1952 5233 monentibus

191 5258 367 5333 provexerit,
393 5272 453 5317 non
472 5255 588 5330 aspirat.
609 5253 708 5315 Multis
730 5262 828 5315 autem
852 5254 993 5329 gradibus
1017 5255 1054 5314 ad
1095 5255 1272 5330 martyribus
1299 5255 1342 5314 ire
1363 5259 1416 5327 est,
1440 5253 1477 5313 ab
1502 5252 1605 5314 effectu
1630 5250 1764 5326 martyrii
1790 5248 1952 5309 Dominum

194 5349 391 5418 summitatem
403 5349 524 5410 Gatastae
536 5350 753 5420 eratascensus‚
765 5348 835 5423 quia
848 5348 950 5409 multis
963 5343 1200 5435 virtu-Delectos
1216 5359 1284 5405 suos
1300 5343 1450 5420 aliquanto
1469 5341 1654 5420 suspendere,
1674 5347 1702 5400 et
1720 5354 1822 5400 eorum
1840 5345 1951 5399 mentes

196 5444 260 5500 tum
267 5439 408 5514 madibus
421 5438 458 5499 ad
467 5437 652 5515 periectionis
667 5451 811 5497 summam
827 5434 1050 5498 conscenditur:
1093 5452 1144 5510 per
1157 5433 1427 5509 contemplationem
1441 5433 1478 5493 ad
1490 5448 1651 5509 supernum
1666 5428 1811 5508 madium
1830 5427 1951 5505 interim

196 5538 225 5590 et
236 5530 279 5590 sic
294 5528 414 5588 demum
427 5546 465 5590 ex
478 5529 579 5591 divina
595 5527 687 5602 gratia
700 5528 737 5588 ad
754 5528 886 5602 martyrii
903 5525 1054 5588 celsitudi·
1093 5523 1256 5585 sublevare.
1275 5523 1311 5581 Et
1325 5525 1486 5584 noandum
1498 5521 1578 5597 quod
1593 5537 1624 5582 se
1637 5518 1759 5595 cuidem
1778 5532 1847 5587 cum
1859 5516 1951 5578 altero

196 5632 265 5679 nem
277 5614 456 5693 pervenitur.
558 5650 561 5657 ·
1095 5617 1221 5687 martyre
1240 5611 1326 5687 sequi
1345 5610 1452 5686 pariter
1472 5610 1567 5683 dixit;
1591 5609 1721 5684 judtoen
1743 5620 1812 5670 serr
1830 5620 1890 5667 nou
1908 5607 1951 5666 ε’-
