4100 6209
127 252 181 313 aas
745 256 858 320 nram
879 258 1062 337 onustus,
1082 259 1200 322 uersa.
1221 259 1257 318 v.
1823 249 1879 311 uo

126 373 267 434 cellentiaa
276 377 379 432 vestrae
388 373 482 433 lilium
495 376 531 435 ad
545 376 596 436 Dei
607 379 813 453 omnipotentis
821 379 1115 457 imperiumAmagis
1123 384 1158 442 ad
1167 398 1234 443 eum
1242 399 1250 453 ;
1259 380 1309 440 ille
1319 394 1379 439 non
1385 380 1544 439 revertetur
1550 375 1589 436 ad
1598 390 1645 435 me
1655 377 1696 446 (ll
1703 378 1770 445 lice.
1783 377 1870 443 aut.»

126 482 162 524 ex
175 465 228 522 boc
243 462 349 522 saeculo
363 465 499 523 transisse
517 467 717 540 cognovimus,
733 469 823 530 subiti
838 487 890 530 nos
906 488 979 532 moe·
1019 472 1223 543 Quamobrem,
1242 466 1433 538 dilectissimi,
1452 465 1550 528 omnia
1564 464 1672 525 doloris
1693 470 1779 539 atque
1798 476 1871 521 moe·

127 552 198 612 mris
210 552 346 623 angustia
364 551 499 625 perculit,
516 562 543 611 et
559 555 682 615 tristitiae
696 573 754 615 non
776 557 849 617 levis
861 560 981 621 aculeus
1020 562 1107 621 stitia
1125 561 1252 620 lamenta
1270 557 1413 632 deponite,
1432 555 1515 615 solita
1533 554 1634 631 domni
1655 558 1759 613 vestras
1784 552 1872 629 spiri-

125 658 174 700 eor
199 646 333 698 nostrum
361 642 408 713 pia
430 644 629 716 compassione
655 646 811 705 transfixit.
832 647 888 707 Sed
914 666 981 710 cum
1021 649 1109 711 tualis
1131 648 1241 709 laetitiae
1268 648 1374 723 gandia
1398 651 1537 720 reparate,
1562 650 1809 727 mentes-vestras
1839 640 1877 700 ad

124 737 236 803 recepto
254 726 376 787 consilio
394 728 550 802 diligenter
564 732 732 791 examinare
748 750 807 793 rem
828 737 979 811 ecepimus,
1020 758 1101 816 spem
1119 756 1252 816 supernae
1266 736 1472 799 consolationis
1486 735 1597 806 erigite,
1612 740 1641 793 et
1664 733 1759 793 divini
1772 732 1873 792 verbe·

124 828 152 879 et
171 819 360 893 nosmetipsos
384 821 625 894 reprehensibiles
641 824 819 898 judicamus,
840 834 867 886 et
889 828 980 888 subli·
1020 831 1061 891 ris
1081 833 1155 891 ictus
1176 847 1234 890 non
1259 830 1355 890 solum
1380 828 1520 902 patienter
1538 832 1566 885 et
1588 823 1802 899 aequanimiter,
1826 822 1876 883 sed

125 909 233 968 miletis
255 918 357 966 vestrm
380 910 561 983 prudentiam
586 928 738 973 maerorem
754 915 897 989 deponere
913 920 979 977 snb·
1020 917 1248 976 etiamalacrlter
1258 918 1383 976 tolerate.
1398 913 1587 989 Omnipotens
1600 912 1687 983 neus,
1699 911 1750 986 qni
1764 910 1874 971 Filium

125 998 221 1057 missis
235 998 368 1071 precibus
381 999 533 1058 bumiliter
547 1001 713 1062 suademus.
728 1004 804 1075 Quid
817 1006 897 1064 enim
913 1007 980 1067 boni
1021 1014 1151 1065 vostrum
1171 1005 1207 1064 de
1231 1006 1332 1064 vestris
1353 1004 1491 1063 manibus
1515 1002 1623 1072 tollere,
1648 1006 1676 1061 et
1699 1000 1728 1059 in
1753 998 1877 1074 proprie

124 1098 219 1146 restra
239 1089 352 1147 devotio
372 1090 401 1147 in
424 1100 577 1164 conspectu
602 1095 650 1153 llei
672 1097 877 1172 omnipotentis
897 1116 982 1173 agere
1021 1094 1184 1155 diltcliffltis
1217 1095 1372 1171 amplexus
1396 1095 1532 1167 dignatus
1559 1099 1602 1153 0⁸¹
1631 1096 1751 1168 balerna
1773 1090 1878 1165 Ρῑθῑθῑθ

122 1179 227 1251 potnit,
244 1184 276 1236 nt
296 1177 356 1251 ipsc
376 1180 459 1237 robis
479 1180 549 1239 tund
573 1185 703 1243 muneris
727 1186 899 1246 lenelicium
920 1204 981 1248 me·
1022 1187 1186 1256 transierre,
1205 1186 1360 1257 multiplex
1379 1187 1482 1261 ntique
1500 1200 1552 1259 pro
1573 1200 1632 1244 uno
1647 1198 1737 1259 puero
1754 1196 1876 1252 germen

123 1267 179 1325 rito
197 1266 404 1342 praestitisset?
428 1267 566 1329 Videlicet
587 1280 618 1331 ut
634 1273 670 1334 de
688 1276 799 1334 semine
820 1283 914 1336 vestro
933 1294 981 1337 so·
1020 1274 1166 1346 attribuat,
1182 1275 1345 1349 etinsuper
1365 1289 1518 1349 nunquam
1540 1272 1714 1332 morituram
1731 1270 1876 1333 bonorum
1941 1318 1945 1323 .

123 1362 220 1421 belem
242 1362 278 1419 ad
301 1363 428 1421 caelestia
453 1380 539 1439 regna
563 1366 739 1442 transferret,
767 1366 843 1427 inter
864 1369 982 1442 angeles
1020 1379 1142 1438 operum
1157 1362 1284 1423 sobolem
1298 1378 1436 1436 generare
1449 1361 1595 1422 concedat.

123 1451 407 1523 constitueret,stola
426 1452 650 1513 immortalitatis
665 1454 807 1528 indueret,
827 1472 861 1515 ac
882 1456 980 1517 diade·
1324 1495 1549 1558 EPISTULAV

124 1550 199 1599 mate
224 1550 368 1616 perpetuae
391 1542 491 1615 gloriae
511 1551 661 1603 coronaret
684 1569 690 1602 ε
716 1544 840 1619 propriis
861 1545 981 1622 insuper
1551 1539 1558 1552 ⁸

122 1631 201 1691 ulnis
224 1633 404 1707 astringeret,
420 1634 517 1694 oscula
544 1642 682 1711 tananun
697 1634 792 1695 dulcis
809 1644 890 1712 pater
910 1637 980 1696 inli-

1196 1626 1235 1673 tn
1261 1625 1380 1673 emunit
1401 1622 1577 1673 SENATOREM
1603 1621 1695 1669 Unam.

122 1729 210 1793 geret,
228 1729 255 1779 et
266 1722 345 1781 velut
358 1724 505 1781 uterinum
521 1723 627 1797 lilium,
642 1724 669 1783 in
682 1725 732 1784 illo
745 1725 850 1799 qnietis
860 1733 977 1786 aeternae
989 1732 1242 1802 ssdnununnrnu.
1260 1760 1294 1774 -
1314 1730 1430 1789 Petrum
1440 1726 1592 1789 senatoriae
1607 1725 1757 1800 dignitatis
1770 1723 1877 1796 virntn,

123 1810 250 1871 tbalamo
278 1811 395 1870 feliciter
423 1813 583 1872 collocaret.
616 1812 687 1872 Ecce
715 1829 768 1871 nos
794 1814 925 1875 inlelices
951 1824 978 1875 et

122 1900 317 1976 miseri,qnnd
330 1901 431 1975 utique
443 1903 478 1962 dc
493 1916 539 1959 me
553 1900 683 1975 meisque
695 1901 841 1963 similibus
855 1910 884 1963 et
897 1920 977 1963 com-

123 1988 319 2064 peccatoribus
347 1989 458 2066 loquor,
486 1991 561 2066 quud
586 1992 753 2065 jejunantes
788 1999 817 2051 et
839 1993 979 2053 adversus

123 2079 268 2153 malignos
293 2079 412 2153 spiritns
431 2080 625 2140 infoederabili
644 2084 855 2143 concertatione
871 2085 979 2161 jugiter

1056 1803 1106 1877 qui
1131 1803 1280 1861 ecclesiam
1298 1809 1463 1860 construere
1480 1813 1643 1873 aggressus,
1660 1795 1756 1856 nescio
1789 1812 1826 1879 na
1842 1795 1879 1855 de

1056 1888 1151 1944 cansa,
1178 1873 1274 1931 statim
1292 1872 1329 1931 ab
1350 1873 1461 1945 incepto
1484 1869 1640 1938 destiterat,
1661 1868 1696 1927 ad
1726 1867 1878 1942 per'cren·

1056 1945 1126 2003 dam
1149 1950 1275 2019 creptum
1299 1956 1372 2019 opus
1401 1944 1541 2011 bortatur,
1563 1941 1717 1999 ostendens
1737 1952 1796 1997 non
1818 1953 1881 1997 esse

1056 2030 1157 2075 verum
1168 2015 1245 2089 quod
1253 2015 1389 2074 nonnulli
1403 2012 1578 2087 garriebant,
1592 2010 1704 2071 nullam
1719 2010 1879 2069 mercedem

1057 2097 1094 2155 iis
1106 2095 1194 2156 tribui
1208 2112 1226 2154 a
1240 2095 1309 2166 Deo,
1324 2095 1377 2171 qni
1391 2093 1524 2153 ecclesias
1534 2089 1609 2149 27&
1619 2091 1776 2151 edificant.
1790 2089 1880 2162 Cujus

1056 2168 1098 2226 rei
1111 2167 1202 2239 gratia
1215 2166 1378 2227 Salomonis
1387 2173 1415 2224 et
1426 2165 1550 2224 aliorum
1562 2162 1696 2238 exempla
1707 2161 1738 2221 in
1748 2159 1877 2220 medinm

121 2168 979 2245 obluctantessperarer'ixpossumns3istesineullasudoris
1076 2239 1140 2297 [Η

1057 2257 1073 2297 a
1096 2255 1148 2297 er.

122 2266 148 2319 et
161 2259 272 2318 laboris
286 2256 358 2315 276
377 2258 523 2330 instantia,
543 2262 631 2335 gratis
654 2262 789 2335 obtinuit,
807 2270 836 2321 et
852 2264 888 2322 ad
904 2263 977 2324 illnd

124 2350 275 2407 bearorum
292 2347 401 2406 civium
420 2349 549 2422 nuptiale
567 2350 737 2410 convivium
758 2352 822 2411 sine
840 2353 901 2415 ullo
916 2370 978 2414 cer·
1059 2343 1470 2405 D0miss0PEltl0⁸0¹ta10tiae
1492 2342 1642 2419 dignitatis
1661 2341 1735 2413 Vim,
1762 2340 1877 2401 PETRUS

123 2437 242 2495 taurinis
275 2453 308 2495 ac
341 2438 448 2495 fastidii
476 2438 573 2497 labore
601 2440 740 2511 pervenit.
766 2440 832 2500 Huc
859 2443 978 2513 aceedit,
1024 2443 1155 2513 peccator
1169 2436 1329 2496 monachus
1340 2434 1465 2495 salntem
1476 2435 1507 2493 in
1523 2432 1657 2492 Domino.

124 2526 190 2601 quia
209 2527 260 2600 qni
283 2526 374 2584 tilium
388 2527 424 2585 de
444 2529 546 2586 restris
570 2529 706 2588 manibus
720 2530 849 2601 abstulit,
862 2538 890 2589 et
911 2547 979 2589 euni
1062 2526 1228 2585 Electornm
1252 2541 1285 2586 ae
1311 2527 1501 2601 reproborum
1539 2536 1693 2584 commune
1731 2527 1774 2580 est
1802 2519 1878 2581 bona

124 2616 186 2689 plns
202 2616 260 2673 sibi
278 2631 364 2690 qnam
381 2616 463 2674 vobis
481 2616 614 2690 diligens,
633 2618 662 2674 in
680 2618 903 2676 coritnbernium
919 2635 980 2677 sue
1025 2615 1164 2691 quaelibet
1189 2616 1388 2675 indifferenter
1415 2614 1552 2688 incipere,
1579 2611 1629 2671 sed
1655 2609 1812 2669 electorum
1835 2615 1879 2668 est

122 2704 287 2778 adoptionis
310 2706 421 2773 ascivit,
441 2713 598 2781 potensest
621 2707 711 2765 multo
733 2705 813 2764 vobis
832 2708 981 2765 meliorem
1024 2698 1186 2777 specialiter
1222 2718 1289 2777 quaa
1325 2703 1399 2761 bene
1435 2706 1526 2774 ooepta
1560 2704 1628 2758 sunt
1663 2713 1877 2759 consummare.

123 2793 264 2865 reddere,
279 2800 307 2852 et
327 2810 379 2867 pro
399 2811 466 2866 ntro,
483 2795 673 2868 multiplicem
694 2812 731 2853 ex
750 2796 833 2855 vobis
853 2798 980 2859 sobolem
1023 2792 1075 2851 Isti
1089 2791 1233 2866 siqnidem
1255 2791 1338 2851 ineo
1361 2789 1439 2867 qnod
1455 2789 1593 2849 incboant
1606 2787 1797 2847 immobiliter
1813 2803 1878 2862 per-

122 2897 289 2956 pmpagare.
310 2886 395 2941 Anna
415 2884 555 2943 nimirum
572 2899 647 2943 naor
665 2884 789 2952 Elcanae,
810 2887 929 2946 ulricum
945 2887 981 2947 sr-
1023 2890 1177 2943 severant:
1204 2882 1258 2953 illi,
1281 2882 1351 2941 dum
1371 2896 1484 2954 semper
1506 2877 1730 2938 inconstantiam
1754 2876 1876 2947 variant,

125 2972 195 3032 dnm
222 2973 251 3031 in
268 2974 452 3034 tabernaculo
470 2976 505 3033 ad
520 2976 676 3034 servandas
696 2976 766 3049 legis
780 2976 889 3035 divinae
902 2994 980 3037 cere-
1024 2975 1202 3049 propositnm
1228 2973 1364 3035 velociter
1390 2978 1514 3032 mutant.
1542 2971 1623 3031 Unde
1645 2970 1785 3046 scriptum
1811 2978 1875 3030 est:

123 3063 239 3121 menies
259 3063 367 3137 jugiter
385 3064 528 3123 excubare
550 3064 717 3131 constitnit,
746 3080 882 3142 eumque,
907 3067 1014 3161 sicntc
1028 3088 1041 3113 a
1062 3062 1174 3122 Stultus
1193 3071 1225 3122 ut
1242 3063 1312 3123 lnua
1329 3070 1460 3124 mutatur
1473 3065 1569 3132 (Eccli.
1593 3066 1703 3129 xxvlt).
1721 3086 1735 3111 ι·
1760 3059 1877 3135 Coepisti

123 3153 272 3225 Scriptura
294 3160 422 3224 testatur,
444 3181 456 3201 «ι
478 3154 601 3212 Domirm
622 3154 702 3212 velut
720 3154 750 3211 in
772 3155 880 3214 loenore
898 3171 978 3214 com·
1022 3152 1153 3227 quidem,
1182 3152 1377 3226 dilectissime,
1409 3153 1617 3214 monasterinm
1645 3152 1800 3221 adificare,
1828 3152 1879 3211 sed

123 3243 412 3312 rnodavittlltepst).
432 3269 444 3290 »
462 3242 791 3317 Hincestqnodeadem
803 3252 900 3303 sancta
913 3260 977 3304 mu·
1021 3253 1177 3319 autequam
1206 3261 1269 3305 sese
1295 3247 1331 3304 ad
1360 3244 1597 3321 sexquipedalem
1627 3245 1685 3304 tere
1711 3258 1877 3303 mensnram

123 3332 172 3389 lier
186 3330 226 3389 ad
243 3330 309 3389 Heli
324 3332 498 3391 sacerdotem
513 3333 602 3392 dicit:
620 3357 632 3384 ι
649 3332 746 3405 Orosi,
760 3341 790 3393 et
807 3334 886 3394 dedit
907 3333 978 3393 mibi
1022 3334 1144 3394 muralis
1171 3342 1315 3395 structura
1342 3335 1512 3409 subrigeret,
1537 3333 1667 3394 deiecisti
1684 3351 1692 3403 ;
1718 3336 1751 3393 ut
1775 3331 1878 3392 merito

125 3418 267 3480 Dominam
288 3419 454 3493 petitionem
477 3438 579 3491 meam,
610 3438 697 3498 quam
721 3423 865 3497 postulari
891 3438 977 3491 eum;
1021 3423 1183 3483 secundnm
1201 3424 1397 3498 evangelicam
1410 3423 1476 3496 quis
1495 3423 1589 3481 valeat
1601 3421 1656 3481 boc
1674 3420 1796 3480 irridere
1809 3435 1876 3478 seu-

122 3506 231 3565 idrireo
248 3514 276 3565 et
301 3524 354 3580 ego
375 3509 557 3567 commodavi
577 3509 979 3569 euinllorninocnnctisdie·
1022 3511 1153 3583 tentiam,
1187 3527 1246 3586 nna
1277 3512 1414 3572 dieitur:
1448 3532 1462 3565 ιι
1489 3510 1562 3582 Quia
1589 3509 1637 3569 bic
1671 3509 1758 3568 bomo
1792 3506 1878 3582 coepit

122 3594 304 3671 bns,quibns
318 3596 403 3654 luerit
413 3597 644 3656 accommodatus
652 3597 785 3657 llomino.
802 3621 811 3648 ι
826 3597 878 3657 Cui
892 3598 979 3657 etiam
1020 3602 1177 3674 aedificare,
1191 3611 1219 3662 et
1242 3618 1302 3665 non
1326 3601 1418 3677 potuit
1438 3616 1642 3661 consummare
1662 3603 1736 3669 (bac.
1763 3599 1845 3668 xiv);
1861 3618 1876 3649 ιι

122 3684 254 3743 sacerdos
268 3684 335 3743 Heli
352 3708 360 3745 z
377 3684 514 3745 «Reddat
529 3687 672 3747 Doudoua
686 3688 737 3747 tibi
749 3704 849 3747 semen
862 3688 897 3747 de
913 3703 979 3746 mu·
1021 3691 1068 3751 vel
1085 3690 1158 3750 illud
1183 3692 1261 3765 quod
1289 3712 1319 3749 ιιι
1350 3690 1424 3749 libro
1454 3689 1603 3749 Nebemiae
1628 3688 1734 3747 Tobias
1759 3687 1877 3745 Ammo

123 3773 191 3833 llere
226 3775 279 3833 bac
307 3790 359 3850 pro
389 3779 497 3835 toenore
523 3778 602 3851 duod
636 3778 825 3838 commodasti
856 3778 980 3837 Domino
1021 3782 1097 3839 nites
1120 3780 1156 3838 de
1182 3780 1374 3848 Hierusalem,
1398 3780 1470 3839 dnm
1497 3778 1729 3848 reaedificaretur,
1751 3774 1877 3835 irridens

122 3867 232 3934 (Inep.
260 3876 330 3929 nt.»
355 3864 451 3938 Porro,
466 3866 542 3940 quod
565 3882 616 3939 pro
638 3867 746 3925 trenore
771 3867 980 3939 commodatur,
1021 3869 1062 3928 ait
1091 3887 1098 3927 :
1127 3868 1328 3939 ‹AEdiliceut;
1355 3868 1380 3927 si
1409 3866 1569 3928 ascenderit
1595 3866 1707 3942 vulpes,
1735 3860 1878 3924 transiliet

124 3968 177 4010 non
193 3953 321 4027 simplex
333 3969 457 4023 summa,
471 3953 520 4011 sed
531 3954 721 4028 multiplicata
736 3955 882 4030 recipitur.
900 3953 981 4014 Unde
1022 3971 1140 4019 murum
1160 3972 1260 4016 eorum
1283 3955 1427 4031 lapideum
1451 3960 1490 4027 (ll
1501 3957 1584 4013 esdr.
1600 3967 1681 4019 tvl.»
1707 3950 1780 4013 Nam
1806 3952 1876 4012 dum

123 4041 221 4100 ctillic
234 4050 341 4115 praesto
355 4041 591 4115 subiungiturzl
609 4042 742 4102 visitavit
756 4059 824 4117 ergo
837 4042 981 4103 Dominus
1022 4045 1157 4103 semiruti
1190 4046 1332 4120 pendeant
1372 4044 1449 4103 muri
1478 4050 1506 4103 et
1541 4041 1662 4117 turpiter
1698 4039 1876 4117 interrupti,

125 4132 252 4201 Annam,
282 4139 311 4190 et
337 4131 477 4206 concepit,
504 4138 533 4191 et
555 4133 664 4206 peperit
686 4138 744 4191 tres
766 4133 842 4192 lilios
863 4141 891 4191 ct
910 4131 983 4191 duas
1023 4133 1163 4208 parietina
1188 4136 1283 4208 potius
1309 4134 1398 4207 dignm
1420 4139 1490 4192 snnt
1513 4132 1570 4191 dici
1595 4147 1684 4207 quam
1710 4129 1803 4188 valeat
1830 4143 1877 4188 ec·

124 4219 195 4287 filias
213 4223 321 4291 (ibid).
339 4248 353 4270 »
374 4221 428 4292 Qui
449 4237 516 4293 ergo
541 4238 592 4297 pro
615 4238 674 4282 uno
696 4223 756 4282 lilio
782 4231 839 4281 tam
863 4222 981 4282 uberem
1023 4222 1112 4281 clesin
1145 4223 1317 4298 nuncupari.
1356 4225 1404 4282 An
1428 4227 1524 4298 putas,
1550 4224 1582 4279 nt
1608 4217 1743 4278 nonnulli
1774 4216 1878 4276 blatte-

124 4314 234 4385 prolem
263 4313 398 4383 reddidit,
416 4320 524 4388 quanto
551 4315 642 4387 mags
663 4328 714 4374 aes
741 4314 771 4372 in
800 4314 983 4390 propagando
1022 4310 1115 4370 tundo
1141 4311 1276 4382 delirant,
1306 4311 1421 4371 nullum
1451 4307 1592 4368 mercedis
1618 4307 1713 4365 inesse
1739 4306 1877 4373 fructum,

125 4408 235 4466 semine
252 4408 289 4465 de
307 4407 399 4465 saneti
417 4407 503 4465 vestri
521 4408 653 4483 conjugii
671 4408 809 4467 charitate
835 4406 981 4467 letificare
1023 4399 1071 4457 vel
1109 4400 1351 4473 fflttttttsssaliossis
1379 4399 1534 4472 preamium
1565 4396 1594 4454 1⁰
1622 4394 1879 4454 ecclssssiffltlffllllffl

126 4500 227 4569 potnit,
241 4496 293 4573 qni
305 4496 399 4554 filium
414 4504 540 4555 vestrum
553 4513 611 4555 non
626 4497 657 4555 in
670 4505 783 4556 terreno
798 4454 1012 4555 tabernaculo„
1026 4489 1237 4549 constructione
1250 4505 1400 4548 mororum
1417 4488 1430 4547 l
1445 4485 1587 4560 Nunnuid
1601 4486 1717 4559 ignoras
1731 4482 1801 4556 quia
1817 4496 1879 4579 per·

126 4584 393 4659 sera'irepraeeepit,
409 4585 457 4641 sed
478 4584 573 4657 potins
594 4584 624 4641 in
642 4583 693 4643 illa
710 4584 819 4643 cmlesti
841 4582 981 4643 Hierusa-
1025 4586 1088 4637 acto
1118 4577 1234 4651 templo,
1272 4574 1419 4639 Salunroni
1446 4575 1507 4649 regi
1530 4573 1673 4632 [lominus
1711 4571 1743 4629 in
1769 4584 1880 4629 somnis

127 4671 182 4730 lem
205 4680 273 4731 ante
295 4688 358 4731 snae
374 4671 529 4744 majestatis
547 4671 683 4730 obtutum
704 4678 843 4745 perpetue
862 4686 982 4744 regnare
1025 4665 1168 4741 apparuit,
1186 4666 1271 4739 eique
1297 4680 1353 4722 nnn
1373 4665 1460 4722 modo
1478 4662 1648 4738 sapientiam
1664 4659 1740 4719 ultra
1759 4672 1880 4716 mensn-

126 4764 273 4822 oonstituit
297 4761 311 4820 l
334 4761 491 4820 Excessnnt
511 4777 589 4835 ergo,
614 4761 806 4834 dilectissimi,
834 4761 869 4819 de
891 4761 983 4820 oculis
1027 4770 1089 4813 ram
1116 4753 1279 4827 meracitatis
1308 4755 1458 4826 humanae,
1486 4751 1585 4812 sedet
1620 4745 1879 4821 incomparabilem

127 4852 229 4911 restris
255 4852 402 4926 lacrymae,
425 4850 550 4921 gemitus
577 4857 605 4909 et
627 4852 751 4922 suspiria
777 4850 982 4925 reprimantur,
1027 4843 1195 4904 divitiarum
1210 4845 1344 4904 omnium
1357 4844 1468 4919 capiam
1484 4837 1674 4916 praerogant?
1689 4858 1703 4891 ιι
1720 4834 1879 4910 Sapientia,

127 4938 264 5013 lugubria
277 4938 415 5015 quaelibet
428 4939 463 4997 de
484 4939 585 4996 vestris
603 4940 734 4999 vultibus
749 4945 933 5009 evanescant,
956 4944 985 4996 et
1027 4935 1133 5009 inquit,
1157 4944 1184 4993 et
1198 4935 1317 4995 scientia
1336 4934 1411 4993 datae
1430 4943 1499 4992 snut
1520 4930 1581 4999 tibi,
1602 4928 1719 4988 divitias
1731 4932 1838 4995 autem,
1854 4930 1882 4982 et

128 5029 231 5087 festiva
258 5027 405 5098 serenitas,
433 5027 561 5099 deposito
583 5044 701 5103 prorsus
742 5028 823 5086 omni
852 5040 982 5093 maerore,
1027 5024 1230 5093 substantiam,
1245 5029 1273 5083 et
1292 5020 1415 5097 gloriam
1436 5020 1510 5079 dabo
1529 5017 1593 5087 tibi,
1615 5017 1655 5075 ita
1674 5023 1707 5075 nt
1725 5012 1826 5074 nullus
1851 5010 1883 5071 in

129 5120 317 5195 resplendeat.
347 5119 428 5179 Dimt
455 5119 550 5193 itaque
578 5124 675 5175 sancta
711 5116 862 5191 prudentia
892 5123 984 5175 vestra
1028 5112 1145 5187 regibus
1174 5127 1226 5170 nec
1254 5120 1331 5180 ante,
1359 5125 1412 5169 nec
1445 5114 1509 5183 post
1543 5114 1570 5164 te
1593 5103 1682 5165 luerit
1704 5101 1811 5162 similis
1836 5102 1881 5161 tui

129 5212 218 5271 simul
231 5227 297 5270 cnm
314 5228 379 5281 rege
391 5210 482 5270 David
500 5230 506 5267 :
526 5235 540 5259 «
558 5208 676 5281 Propter
688 5207 838 5275 inlantem,
853 5207 923 5265 dum
937 5206 986 5264 ad·
1029 5202 1066 5274 (Π
1077 5203 1172 5259 Perat.
1192 5202 1220 5271 1).
1237 5226 1250 5249 υ
1276 5198 1433 5258 Enimvero
1447 5195 1472 5255 si
1485 5194 1756 5267 deusomnipotens
1773 5190 1883 5250 labores

131 5300 187 5358 buc
204 5304 322 5363 vireret,
336 5301 468 5374 icjnnari
485 5308 513 5357 et
532 5298 597 5357 flevi
613 5318 619 5355 :
636 5296 767 5355 dicebam
787 5297 890 5355 enim:
915 5294 987 5366 Quis
1028 5290 1234 5348 aedilimntlum
1254 5287 1387 5346 ecclesias
1410 5300 1477 5344 suas
1499 5282 1630 5357 despicit,
1650 5280 1723 5356 quid
1743 5285 1785 5339 est
1805 5280 1883 5354 qnod

130 5391 225 5448 seitsi
248 5391 319 5450 torte
337 5390 424 5449 donet
446 5405 513 5448 eum
532 5387 604 5447 mibi
624 5386 764 5446 [lominus
785 5392 817 5444 ut
839 5385 917 5443 vivat
939 5384 986 5443 in·
1029 5385 1107 5438 tanto
1132 5376 1233 5441 studio,
1244 5376 1361 5435 sibimet
1378 5373 1599 5434 tabernaculum
1620 5372 1651 5430 iu
1674 5371 1786 5430 deserto
1809 5385 1881 5429 con·

131 5477 195 5539 lans
207 5477 223 5537 l
237 5479 318 5537 Nunc
332 5487 440 5550 autern,
459 5478 528 5553 qnia
546 5485 676 5536 mortuus
690 5483 743 5546 est,
759 5488 848 5548 qnare
864 5471 987 5547 jejuno?
1029 5467 1102 5527 strui
1118 5465 1221 5525 debere
1242 5463 1416 5523 mandavit?
1436 5462 1537 5533 (and.
1553 5463 1641 5530 xxv.)
1661 5462 1708 5519 An
1726 5458 1882 5534 parvipen-

132 5566 275 5641 Nnnunid
289 5578 385 5641 potero
401 5582 536 5628 revocare
550 5581 620 5626 eum
632 5560 787 5637 amplius?
804 5561 864 5636 Ego
884 5560 987 5621 vadant
1029 5557 1133 5629 dende,
1149 5556 1195 5616 rel
1216 5553 1388 5630 negligendo
1405 5551 1442 5639 pd
1457 5550 1575 5629 Moysen
1598 5550 1738 5653 loquitur,
1754 5548 1881 5629 ,dioensz
