4100 6209
137 204 192 274 tto
918 211 1045 275 senno
1060 212 1125 275 nn.
1849 220 1903 282 see
2021 185 2022 196 '

134 336 308 391 oenmrtena
319 327 434 390 animas
447 326 485 388 ad
496 330 758 393 mansuetudinem
773 333 1122 401 benevolentiorem
1134 338 1230 399 illud:
1248 361 1260 393 ι
1284 338 1416 399 Lucerna
1427 339 1551 415 pedibas
1570 339 1644 401 mais
1655 342 1780 403 verbum
1800 348 1899 417 tuum,

133 417 997 499 Namcumtraenaturalaspotentiaeinsintanimreecilicat,
1040 430 1069 485 et
1094 425 1196 486 lumen
1216 427 1328 487 semitis
1349 428 1423 487 meis
1442 431 1525 501 (Prot.
1551 431 1665 503 oxum).
1692 453 1704 484 ι
1733 431 1769 492 llt
1792 431 1895 494 beatus

132 509 188 583 ira,
205 510 290 584 ratio,
303 506 550 582 concupiscentia,
565 510 800 585 concupiscentia
814 515 879 574 data
895 523 949 585 εει,
966 521 999 576 ut
1040 514 1160 576 Petrus:
1175 516 1249 577 «Cui
1261 516 1439 585 benefacitis,
1447 517 1553 591 inquit,
1564 518 1744 580 attendentes
1754 526 1892 596 unquam

134 598 281 659 movearis
292 598 329 657 ad
343 596 539 672 appetendum
554 614 622 672 quae
637 600 689 659 tibi
710 600 792 661 licita
806 611 895 675 sunt;
910 604 949 664 ita
961 605 998 664 ad
1039 602 1166 664 lucernae
1179 604 1287 665 lucenti
1304 606 1335 664 in
1353 603 1511 679 caliginoso
1524 604 1587 667 loco
1600 611 1638 678 (ll
1650 612 1726 668 Patr.
1742 613 1773 679 1).
1791 632 1804 660 ι
1826 606 1895 669 Sin·

133 684 351 759 mdignandum
364 691 464 744 contra
479 699 513 742 aa
531 699 601 759 quae
614 685 718 746 illicita
730 696 819 763 eunt;
845 691 918 751 ratio
932 691 998 750 data
1038 690 1176 768 gulariter
1189 702 1289 754 autem
1303 694 1418 770 ponitur
1436 702 1625 769 preceptum,
1645 697 1784 772 quamvis
1801 697 1894 757 multa

134 783 180 836 cat
192 775 224 835 io
240 774 371 835 medium
384 773 524 832 cohibens
537 774 706 868 etdirigens
721 784 892 853 auumque,
910 797 946 842 ne
960 784 998 843 ita
1038 782 1098 842 sint
1118 791 1277 857 precepta:
1301 785 1380 858 outa,
1400 791 1433 842 nt
1452 783 1494 842 ait
1515 783 1672 856 Gregorius
1689 789 1777 857 (Hom.
1801 785 1835 846 27
1865 789 1895 844 or

135 864 214 925 ultra
235 862 374 923 terminos
399 861 452 920 irae
477 869 637 932 moveatur,
656 869 684 921 et
703 880 740 925 ne
765 869 998 942 concupiscentia
1037 873 1191 941 Doonpett,
1207 872 1512 947 preceptnmbomini
1531 880 1560 932 at
1576 881 1738 947 onomast,
1755 882 1785 934 et
1801 875 1894 936 multa

133 959 249 1028 appetat
264 952 375 1011 illicita.
398 950 499 1027 Imque
513 949 564 1011 len
586 954 738 1026 naturalis,
760 965 905 1031 quantum
920 961 953 1021 in
967 980 998 1022 se
1039 965 1124 1028 sunt;
1149 959 1241 1019 multa
1260 968 1374 1035 propter
1395 960 1593 1022 diversitatem
1612 962 1728 1037 operis;
1749 978 1843 1024 unum
1862 965 1895 1024 in

133 1051 190 1115 eet,
208 1049 253 1104 est
271 1041 468 1102 immaculata.
484 1041 546 1101 ber
561 1058 677 1118 qnoque
692 1045 797 1121 scripta
812 1047 998 1112 immaculata
1039 1047 1136 1107 radica
1148 1048 1308 1110 charitatis.

134 1141 179 1194 est
201 1140 231 1193 et
249 1138 421 1193 convertens
442 1132 566 1192 animae.
586 1131 788 1207 inmaculata,
810 1137 912 1209 idest,
934 1141 998 1202 sine
1076 1156 1091 1190 «
1112 1136 1212 1197 Timor
1229 1138 1344 1199 Domini
1364 1146 1480 1199 sanctus
1505 1141 1731 1214 parmanensis
1754 1143 1895 1205 montom

134 1222 270 1284 sord'drus
292 1221 476 1294 idololatria,
494 1230 668 1283 convertens
686 1224 799 1285 animas
815 1228 851 1287 ad
866 1230 997 1291 servien·
1038 1227 1137 1287 manli
1151 1229 1233 1300 (Prot.
1252 1233 1311 1296 cx).
1330 1250 1344 1282 ι
1363 1229 1488 1290 Exclueo
1503 1230 1632 1288 hnmano
1645 1230 1762 1302 timore,
1778 1232 1826 1291 hic
1840 1248 1894 1291 no·

134 1312 208 1374 duni
232 1313 311 1385 Deo;
328 1313 408 1389 quod
433 1318 546 1373 tantum
565 1311 622 1372 tllii
648 1312 737 1374 Israel
756 1316 909 1379 iaciebant.
936 1321 997 1380 Lex
1040 1321 1115 1375 tatur
1139 1315 1248 1389 filialis,
1278 1317 1340 1376 sive
1365 1324 1471 1378 castus.
1498 1317 1532 1380 ln
1566 1318 1630 1390 hoc,
1656 1320 1735 1393 qnod
1761 1321 1891 1380 dicitur:

135 1409 235 1464 antem
263 1400 364 1476 gratiae
388 1416 488 1461 revera
507 1404 550 1460 est
569 1400 755 1462 immaculata
779 1409 807 1463 et
826 1413 998 1468 convertens
1039 1403 1126 1466 timor
1149 1402 1265 1464 Domini
1293 1411 1419 1477 mactus,
1448 1405 1622 1481 intelligitur
1657 1412 1772 1478 castum
1798 1415 1827 1468 et
1850 1413 1892 1467 est

133 1493 258 1554 mimas.
279 1491 353 1551 Nam
372 1496 401 1551 et
418 1490 547 1550 Ecclesia
566 1490 629 1566 lega
642 1492 998 1559 duciturzDiciturenim
1038 1493 1158 1554 initium
1179 1491 1329 1569 sapientiae
1347 1495 1434 1554 timor
1451 1494 1578 1555 Domini.
1599 1494 1681 1565 Quod
1699 1502 1798 1555 sotem
1818 1496 1893 1555 dici·

134 1596 200 1644 osse
219 1580 285 1640 sine
299 1579 425 1651 macula,
446 1586 564 1653 straga
585 1582 698 1653 (Eptee.
725 1587 776 1654 v);
799 1583 862 1644 sine
883 1587 998 1646 macula
1040 1593 1087 1645 tur
1100 1606 1107 1646 ι
1120 1601 1293 1662 permanens
1314 1584 1345 1644 in
1369 1585 1511 1646 seculum
1529 1584 1643 1658 saculi,
1670 1583 1790 1643 lllialem
1814 1584 1891 1644 desi-

134 1669 277 1740 criminis,
297 1670 361 1730 sine
378 1684 450 1743 ruga
469 1667 674 1728 simulationis.
694 1670 789 1731 Etiam
806 1673 856 1733 lex
871 1690 995 1751 evange·
1006 1684 1120 1760 Bgnat.

134 1756 192 1819 lica
205 1765 250 1820 est
265 1758 330 1819 sine
345 1773 442 1818 errore
458 1758 588 1829 heresis,
604 1768 779 1822 convertens
792 1764 906 1826 animas
922 1767 997 1825 sim·
1070 1767 1185 1830 iudicia
1207 1782 1277 1827 raro
1302 1765 1419 1827 Domini
1443 1779 1499 1825 suo
1519 1763 1705 1840 quaurnorio
1731 1764 1888 1824 vehuntur.

133 1846 259 1920 pliciter,
281 1854 309 1910 at
326 1847 433 1906 directe
451 1846 516 1906 sine
539 1847 678 1922 figmento
699 1850 871 1926 hypocrisis.
890 1855 995 1914 htten·
1037 1862 1111 1923 Sunt
1140 1872 1217 1929 rora,
1255 1855 1411 1929 justificata
1436 1854 1467 1913 in
1493 1853 1657 1927 semetipsa,
1683 1851 1888 1914 desiderabilia

134 1935 196 1994 dita
218 1934 327 2008 gradus
350 1934 431 2008 istos,
454 1934 523 2009 qnia
542 1935 636 2010 prima
654 1936 705 1997 lex
726 1946 770 2000 est
787 1940 994 2017 immaculata3
1035 1964 1123 2026 super
1135 1960 1241 2006 aarum
1254 1950 1283 2003 et
1295 1942 1421 2016 lapidem
1435 1940 1591 2016 pretiosum
1611 1940 1747 2012 multum,
1758 1940 1890 2000 dulciora

135 2022 274 2096 manoe,
300 2022 408 2100 magis3
433 2023 515 2084 tertia
532 2025 674 2101 marimo,
702 2027 745 2088 sic
771 2035 800 2089 ει
825 2039 995 2093 convertens
1034 2053 1122 2113 snper
1141 2033 1199 2093 mel
1217 2039 1247 2091 et
1265 2032 1376 2090 tarum
1399 2029 1515 2089 tueleta
1532 2029 1649 2092 Domini
1672 2037 1741 2090 aunt
1762 2029 1889 2089 retribu-

134 2113 260 2176 ammas.
1035 2130 1138 2197 tiones,
1156 2122 1263 2198 quibus
1282 2119 1328 2180 vel
1352 2119 1488 2194 reprobos
1507 2121 1602 2196 punit,
1621 2119 1666 2180 rel
1682 2120 1776 2194 justos
1793 2135 1891 2180 remn-

171 2201 386 2264 'l'estimonium
396 2203 513 2270 Domim
525 2204 693 2266 hiuahabet
704 2208 874 2282 accidentia,
886 2211 995 2272 scilicet
1034 2225 1125 2278 neret.
1143 2217 1184 2275 lla
1201 2212 1338 2290 quamvis
1354 2212 1413 2270 sint
1431 2227 1508 2287 saepe
1520 2211 1644 2281 occulta,
1659 2227 1773 2287 semper
1791 2217 1887 2271 umen

134 2289 233 2363 lldele,
256 2290 429 2364 sapientiam
451 2300 591 2366 praesens
615 2293 755 2368 parvulis.
781 2294 993 2358 Testimonium
1035 2323 1104 2369 vera
1115 2308 1200 2374 aunt;
1215 2308 1244 2362 et
1251 2302 1339 2376 justa,
1355 2299 1507 2360 veritatem
1518 2299 1590 2375 justi
1598 2299 1707 2374 judicis
1726 2299 1885 2374 sequentia.

133 2378 254 2440 [hmini
269 2378 757 2457 (¹1⁰1th(lllfflcullllllelllsssslil)tis
771 2384 878 2444 ⁸³11ch
892 2387 993 2446 testiti-
1035 2400 1110 2461 Soet
1142 2393 1296 2471 justificata
1318 2392 1351 2451 in
1376 2391 1540 2465 semetipsa,
1570 2405 1629 2450 non
1656 2389 1731 2450 sicut
1759 2390 1889 2449 bumana

132 2475 218 2530 oetur
230 2469 994 2550 D⁰1ssi¹111htuldwmlllssmullllaetidiflssfl·cmlii·
1030 2487 1150 2564 J'udicia,
1170 2499 1240 2561 puta
1255 2480 1375 2542 aliunde
1397 2481 1572 2552 tornantur,
1589 2479 1665 2538 sicut
1682 2494 1718 2539 er
1741 2478 1888 2552 allegatio·

133 2567 246 2620 ⁰⁰⁰²&
258 2560 356 2635 im(lue
371 2559 536 2620 ¹0⁸²iffl⁰⁰l³
554 2560 586 2620 1¹¹
609 2561 760 2636 promissis
779 2569 808 2623 0¹
832 2568 992 2642 praeceptis,
1033 2576 1122 2635 nibus
1135 2574 1350 2641 advocatorum,
1371 2575 1400 2628 et
1416 2584 1455 2627 ea
1474 2567 1703 2643 depositionibus
1720 2566 1839 2625 testium
1860 2571 1889 2624 et

131 2651 436 2732 pumqnaepromittit,
446 2650 603 2711 solritsire
609 2652 696 2727 justis
706 2655 908 2728 praemia‚sive
917 2658 993 2732 injn·
1032 2662 1249 2724 recitationibus
1285 2660 1557 2719 instrumentorum.
1594 2655 1676 2715 Unde
1702 2661 1731 2713 et
1759 2670 1810 2729 per
1835 2654 1889 2713 hoc

129 2741 186 2801 stis
199 2748 349 2804 tormenta.
367 2740 544 2816 Sapientiam
555 2747 694 2817 praestans
706 2744 847 2818 parvulis,
858 2746 889 2805 in
902 2763 993 2822 quan·
1032 2768 1109 2827 saepe
1128 2750 1272 2811 falluntur
1286 2747 1409 2822 judices,
1429 2751 1457 2803 et
1473 2745 1609 2820 quamvis
1626 2743 1697 2803 ordo
1714 2742 1887 2818 judiciarius

130 2828 590 2905 tumeapraecipiens;qniaqui
602 2830 799 2904 parratisunt
811 2834 941 2908 scientia,
953 2852 991 2896 ex
1031 2847 1172 2908 serretur,
1197 2851 1411 2911 nonnunquam
1428 2840 1524 2894 umen
1544 2833 1686 2894 innocens
1708 2834 1884 2894 condemna·

130 2915 283 2992 praeceptis
300 2917 418 2977 Domini
431 2916 596 2978 redduntur
610 2919 763 2993 sapientes,
778 2926 811 2979 ut
835 2920 877 2980 ibi
893 2931 990 2983 osten·
1031 2937 1089 2999 tur,
1116 2934 1146 2987 et
1171 2941 1278 2986 nocens
1305 2922 1474 2984 absolvitur.
1501 2921 1617 2981 indicia
1642 2928 1739 2981 autem
1766 2921 1818 2981 Dei
1847 2937 1883 2980 er

129 3005 229 3068 ditur:
243 3029 258 3062 ⁴
274 3009 300 3067 Α
314 3006 458 3067 mandalis
470 3008 528 3068 tuit
542 3005 686 3068 intellexi·
702 3034 713 3060 ·
729 3011 780 3070 Est
791 3011 892 3086 itaque
905 3012 1193 3124 fideltcsemetipsis
1211 3014 1448 3092 justificationem
1466 3012 1623 3088 accipiunt,
1650 3012 1725 3071 sicut
1748 3028 1800 3086 per
1818 3027 1884 3087 pro·

26 3157 31 3180 ι
127 3095 333 3158 mnemon
355 3096 474 3157 Domini
498 3098 528 3156 in
550 3097 756 3172 explanatione
779 3107 987 3175 preceptorum
1032 3108 1147 3185 phetam
1169 3104 1293 3165 dicitur:
1307 3124 1324 3178 ‚a
1338 3104 1401 3164 Non
1429 3102 1589 3163 secundnm
1613 3101 1758 3161 visionem
1784 3101 1885 3161 oculo·

27 3211 28 3220 ¹
126 3186 204 3261 ⁶1¹1&
215 3186 250 3246 ln
261 3186 498 3262 brimoinlelllgss
510 3182 558 3243 5⁸
570 3188 776 3263 promissiones
787 3196 816 3248 et
826 3189 987 3250 committa·
1032 3212 1097 3257 rum
1112 3193 1264 3271 iudicabit,
1288 3209 1342 3252 nec
1358 3194 1517 3253 secundum
1542 3188 1679 3251 auditum
1697 3190 1814 3251 aurium
1835 3207 1883 3250 ar·

127 3275 241 3347 tiones;
258 3275 291 3335 in
305 3276 434 3337 secundo
446 3276 666 3351 prohibitiones.
684 3276 783 3337 Fidele
797 3283 850 3350 est,
864 3279 986 3354 promit·
1029 3291 1110 3363 guel,
1125 3283 1175 3345 sed
1187 3282 1327 3357 judicabit
1345 3282 1376 3340 iu
1394 3280 1508 3354 justitia
1526 3295 1676 3355 pauperes,
1690 3287 1719 3339 et
1732 3286 1836 3355 arguet
1850 3282 1883 3342 in

128 3368 194 3426 ¹0⁰⁸
217 3370 247 3424 ⁸¹
268 3365 465 3437 fflfflffiissassti
485 3364 656 3441 sapientiam
678 3372 821 3442 prestans
843 3366 984 3442 Distulit,
1029 3377 1166 3454 aequitate
1193 3390 1245 3451 pro
1273 3373 1433 3432 mansuetis
1458 3379 1543 3431 terrae
1571 3374 1647 3440 (irat.
1678 3376 1734 3438 xl).
1762 3391 1777 3422 o
1808 3367 1883 3430 Sunt

126 3453 288 3528 cohibens
303 3459 331 3513 e
349 3454 531 3528 praecrprenr.
1028 3460 1414 3533 recommemorata
1444 3466 1497 3530 err,
1524 3457 1680 3518 aenaeae·
1708 3457 1882 3532 uenerint

161 3542 290 3604 losduae
314 3542 431 3604 Domini
449 3543 527 3604 binis
545 3549 758 3607 convertuntur
774 3544 983 3618 accidentibus,
1028 3568 1115 3628 super
1132 3550 1250 3610 divitias
1263 3557 1291 3607 et
1304 3547 1432 3607 delicias.
1451 3546 1487 3606 ln
1508 3561 1580 3605 auro
1597 3552 1625 3605 et
1644 3544 1740 3620 lapide
1758 3546 1881 3621 pretioao

124 3650 194 3711 enm
208 3640 288 3708 sont,
302 3643 397 3710 recte,
412 3635 591 3696 mddcantas
604 3635 701 3696 corda
715 3635 842 3696 lustitia
854 3636 982 3708 Domini,
1027 3641 1157 3715 intellige
1177 3638 1310 3711 divitias;
1331 3636 1363 3695 in
1384 3635 1480 3708 melle,
1494 3641 1523 3694 et
1537 3635 1604 3695 lavo
1616 3634 1747 3696 deliciae.
1762 3634 1879 3695 Divitia

123 3736 212 3797 opera
228 3723 397 3797 justorum:
411 3723 491 3783 unde
505 3730 534 3783 et
547 3723 603 3797 ipsi
620 3723 693 3798 justi
711 3722 905 3799 appellantur.
926 3723 982 3785 Sed
1026 3735 1124 3788 autam
1139 3728 1268 3788 maxime
1288 3723 1491 3798 intelliguntur
1503 3722 1535 3782 in
1548 3723 1673 3796 pecunia
1689 3730 1718 3782 et
1741 3723 1878 3798 poentio.

124 3812 266 3874 dicuntm
279 3827 343 3872 oese
356 3811 484 3884 Domini,
498 3812 578 3888 quia,
596 3834 608 3866 ι
625 3813 822 3873 omnedatum
839 3815 983 3889 optimum
1025 3816 1075 3875 59
1094 3818 1148 3879 Per
1163 3817 1289 3892 lapidem
1308 3814 1479 3891 pretiosum,
1499 3827 1557 3887 ouo
1570 3817 1701 3888 potentes
1724 3819 1753 3872 et
1767 3810 1880 3872 nobiles

123 3907 153 3963 ct
181 3917 271 3961 omna
294 3901 407 3962 donum
428 3902 588 3977 perlectum
611 3901 767 3962 desursum
789 3906 842 3973 aet,
861 3900 981 3964 descen·
1025 3914 1158 3979 utuntur,
1180 3908 1273 3983 gloria
1298 3905 1445 3980 potentiae.
1469 3902 1557 3963 Portu
1578 3901 1690 3961 divitiae
1717 3901 1785 3962 aliae
1810 3917 1878 3963 cum

122 3990 197 4050 w
218 3989 338 4052 ⁸P³lte
355 3990 503 4052 luminum
517 3994 587 4057 (Jac.
603 3995 636 4061 1).
654 4013 668 4042 ¹
682 3990 757 4062 Ouid
776 3990 857 4050 essim
881 3990 980 4067 habeo,
1023 3996 1192 4057 difficultate
1224 3994 1425 4069 attenuantur,
1453 3990 1519 4052 aliae
1544 3990 1609 4050 sine
1636 3991 1815 4052 difficultate.
1842 3990 1876 4049 ln

122 4093 142 4138 0
169 4079 268 4148 Domo,
296 4078 375 4153 duod
402 4092 462 4137 non
487 4075 650 4153 accepisti?
672 4079 694 4151 (l
719 4079 780 4138 Gor.
810 4081 862 4152 tv.)
887 4079 978 4140 item:
1024 4084 1121 4158 melle,
1134 4083 1371 4159 quodliquidum
1387 4089 1430 4141 est
1447 4081 1569 4152 delicte,
1589 4089 1618 4140 et
1634 4080 1795 4155 voluptates
1815 4078 1879 4140 sine

126 4189 137 4220 ι
155 4165 255 4227 Gratia
267 4165 320 4227 Dei
334 4182 400 4227 snm
413 4166 446 4227 id
457 4166 536 4243 quod
550 4181 618 4227 sum
631 4168 654 4241 (l
665 4167 725 4225 cor.
751 4167 846 4240 xvi.»
870 4167 912 4227 Ea
924 4185 980 4230 au·
1023 4173 1131 4234 tabere.
1151 4174 1185 4233 ln
1201 4174 1278 4245 loro,
1298 4172 1376 4248 qnod
1397 4172 1455 4231 mel
1475 4177 1503 4232 et
1522 4186 1618 4231 comm
1632 4169 1762 4231 continet
1776 4170 1875 4244 simul,

124 4262 181 4316 tem
204 4271 293 4331 opera
317 4256 440 4332 lusatiae
473 4256 611 4333 appellari
649 4261 779 4331 possunt,
815 4273 883 4334 qnae
923 4259 981 4319 tide
1022 4262 1183 4338 voluptates
1201 4277 1271 4322 cum
1284 4260 1463 4321 difficultate.

122 4353 283 4406 mscnntur
307 4351 336 4405 et
353 4345 508 4407 dilectione
529 4353 781 4406 consummantur.
803 4347 876 4407 llam
903 4348 980 4408 sicot
1057 4351 1130 4414 licoe
1153 4352 1274 4428 quidam
1301 4351 1388 4411 ludus
1406 4348 1580 4424 judiciarius
1598 4348 1724 4409 occurrit
1740 4347 1825 4408 nobis
1845 4348 1874 4407 in

122 4436 184 4498 eloe
217 4437 274 4497 ilde
300 4436 480 4511 impossibile
510 4443 553 4496 est
581 4451 759 4512 quemquam
785 4435 898 4511 placere
920 4417 1011 4498 DeoD
1023 4439 1179 4516 Scripturis
1193 4439 1286 4500 Deum
1308 4439 1420 4499 Patrem
1438 4443 1658 4513 representans.
1677 4438 1773 4498 Locus
1788 4437 1874 4511 juris,

121 4527 213 4600 (chr.
240 4529 283 4600 ιι),
307 4527 400 4588 itaet
425 4526 499 4588 fides
527 4528 591 4587 sine
617 4526 755 4602 operibus
792 4534 908 4590 mortua
935 4537 979 4590 ast
1018 4530 1049 4590 in
1065 4545 1124 4604 quo
1139 4531 1304 4592 hdvocatus
1327 4538 1424 4588 noster
1441 4527 1579 4602 postulat,
1597 4524 1761 4602 patibulum
1779 4525 1873 4584 crucis

120 4620 190 4687 (dee
215 4623 260 4687 ιι).
278 4616 362 4677 Fides
377 4623 486 4689 auum,
505 4632 572 4694 quae
597 4632 650 4691 per
669 4615 857 4677 dilectionem
876 4633 978 4693 opera·
1018 4619 1085 4679 tuit.
1098 4619 1173 4678 Gom
1186 4618 1267 4676 enim
1282 4634 1319 4676 ex
1333 4617 1429 4676 cilicio
1442 4632 1496 4676 suo
1509 4614 1641 4674 adrorati
1651 4614 1776 4673 habeant
1786 4621 1873 4684 stare,

120 4708 178 4778 tur,
199 4711 230 4764 et
244 4706 359 4780 prolicit
370 4714 398 4766 at
417 4704 525 4766 sufficit
539 4705 576 4765 ad
589 4705 723 4766 salutem
739 4706 793 4767 Hae
808 4714 879 4768 sunt
889 4707 978 4782 insti·
1018 4709 1079 4783 ipse
1092 4723 1151 4767 non
1163 4715 1252 4779 staua,
1268 4708 1319 4766 sed
1334 4713 1391 4767 toto
1403 4721 1521 4782 corpore
1534 4711 1655 4765 artemo
1671 4703 1703 4763 in
1716 4702 1796 4778 ligno
1809 4718 1874 4763 crn-

120 4793 169 4853 tira
194 4794 314 4855 Domini
336 4800 431 4867 rectae,
458 4795 637 4856 laetificantes
657 4796 744 4856 cordo
767 4812 818 4871 per
845 4811 977 4858 serenam
1017 4799 1070 4872 cia,
1100 4798 1179 4876 apud
1201 4796 1314 4858 Patrem
1335 4813 1386 4872 pro
1410 4793 1503 4856 nobie'
1517 4794 1662 4870 allegavit,
1691 4793 1871 4854 desiderium

118 4883 341 4945 wasciontiam.
1017 4905 1108 4950 suum
1124 4894 1153 4949 et
1168 4888 1327 4948 amicorum
1348 4902 1468 4949 snorum
1488 4901 1648 4962 exponens,
1668 4890 1697 4944 et
1713 4882 1873 4943 adversarii

155 4975 335 5049 Praeceptum
358 4975 439 5037 binis
458 4977 564 5051 gaudet
582 4976 789 5038 accidentibus.
815 4978 866 5039 Est
896 4980 976 5041 enim
1017 4978 1161 5039 desiderio
1185 4978 1384 5039 contradicens
1408 4992 1503 5053 neque
1524 4975 1561 5034 ad
1584 4973 1693 5049 proprii
1719 4971 1872 5046 sanguinis

119 5065 264 5136 locidnm,
290 5066 463 5129 illuminans
482 5069 582 5129 oculos
606 5084 644 5128 ex
669 5069 716 5130 sni
732 5070 873 5133 doctrina.
901 5070 976 5133 Sunt
1017 5069 1200 5130 effusionem.
1221 5068 1294 5129 Rem
1309 5084 1392 5129 auam
1410 5068 1546 5142 poenitat,
1559 5065 1589 5125 id
1603 5070 1646 5125 est
1662 5079 1755 5140 genus
1771 5064 1874 5124 hnma-

118 5156 488 5232 euippeqoaadamlucida,
500 5155 830 5231 ctnonilluminantia5
846 5167 878 5220 nt
890 5161 975 5221 carbo
1017 5174 1100 5231 nnrn,
1114 5160 1191 5236 qnod
1205 5158 1267 5234 ipss
1284 5158 1402 5230 crearit,
1418 5158 1504 5232 cuius
1520 5173 1622 5217 verum
1639 5154 1804 5216 dominium
1818 5159 1871 5218 ha·

119 5246 183 5308 tine
215 5247 333 5306 hamma
368 5246 483 5307 lucidus
513 5254 567 5319 est,
599 5261 659 5306 non
687 5252 783 5307 tamen
813 5247 973 5310 illuminat.
1017 5250 1111 5310 hebet.
1138 5250 1294 5310 Ecclesiam
1318 5249 1355 5308 de
1379 5246 1514 5323 genibus
1547 5247 1677 5306 converti
1704 5246 1871 5321 postularit,

119 5335 252 5397 Flamma
276 5338 340 5397 eina
365 5338 489 5398 carbone
509 5344 538 5398 et
559 5338 636 5398 lucet
656 5342 684 5396 et
707 5335 867 5397 illuminat.
896 5338 975 5400 Pras·
1017 5347 1158 5415 unquam
1171 5338 1304 5413 proprius
1319 5338 1412 5397 haeres
1424 5335 1600 5398 hereditatis
1615 5336 1784 5410 petitionem
1800 5351 1869 5412 pro·

117 5433 233 5502 ceptum
248 5427 368 5489 Domini
380 5427 513 5490 lucidum
529 5435 573 5487 est
594 5427 659 5489 eine
673 5426 845 5490 motusiooa
862 5435 976 5490 mutan·
1017 5445 1139 5507 ponens
1161 5435 1189 5487 ει
1203 5428 1235 5486 in
1252 5428 1461 5503 possesionem
1473 5427 1510 5487 da
1518 5426 1588 5501 jure
1598 5424 1675 5486 mitti
1687 5427 1865 5488 desiderans.

119 5518 244 5589 aarum
271 5520 420 5581 illuminat
443 5520 542 5581 oculos
567 5537 604 5579 ex
625 5519 775 5581 inlusione
803 5522 973 5594 gratiarum.
1017 5520 1120 5582 Petitlo
1137 5526 1236 5579 antam
1256 5517 1432 5580 hamditatie
1444 5533 1481 5578 ex
1496 5517 1598 5580 ordine
1614 5523 1642 5577 et
1659 5518 1786 5592 regulari
1800 5518 1868 5594 jure
