4100 6209
126 347 130 353 ι
184 325 235 386 175
636 315 666 375 s
688 311 834 374 narnus
852 308 1051 371 nantinus
1071 308 1102 369 s
1121 308 1157 369 n.
1178 308 1211 368 n.
1233 307 1473 368 uamruaurs.
1506 357 1508 360 .
1886 312 1938 371 na
2046 273 2047 286 '

181 450 287 512 mediis
315 444 491 506 semivirum
524 442 665 501 infantem
694 437 840 498 revocarit
869 435 905 494 ad
937 432 1206 500 vitam.Aurinime
1232 431 1372 492 tributum
1395 430 1532 491 accidisse
1556 430 1739 503 existimans,
1762 440 1939 495 commutato

218 538 304 598 Haud
318 536 359 597 ita
375 536 426 595 diu
447 539 511 609 post
526 536 617 591 mater
634 528 713 590 diem
731 544 819 590 suum
837 526 919 598 obiit,
937 533 964 586 et
980 525 1039 585 ira·
1081 542 1163 600 pane,
1180 525 1275 600 primo
1295 523 1358 599 ejus
1375 521 1441 583 bolo
1464 522 1632 593 convaluit;
1659 523 1862 597 quamobrem,
1886 543 1939 586 su-

182 634 324 692 tecnam
353 625 445 700 major
464 622 550 681 duxit
579 635 712 682 urrerem.
739 620 778 678 Hi
804 620 941 693 conjuges
971 633 1038 677 cum
1080 631 1131 691 pra
1145 630 1232 690 quam
1249 612 1307 671 dici
1323 618 1413 687 potest
1432 611 1529 684 iaetus,
1548 611 1662 688 aperuit
1680 611 1792 672 cunctis
1815 613 1941 675 miracu·

182 732 281 793 gerere
294 716 377 792 pueri
393 729 494 774 curam
504 712 579 772 11111
592 711 773 780 simularent,
791 716 850 768 tam
864 708 939 768 dura
951 707 1038 767 illum
1080 705 1154 767 lum.

183 808 302 882 acrique
318 805 486 879 premebant
504 803 653 871 servitute,
675 807 709 859 ut
733 799 759 859 11
781 813 841 857 nou
861 797 945 858 modo
964 812 1039 872 pane
1116 796 1169 855 His
1190 802 1276 870 atque
1291 793 1357 854 aliis
1374 794 1411 853 ad
1434 791 1486 853 Dei
1506 790 1682 852 famulatum
1706 792 1739 852 11
1760 791 1822 852 dies
1844 794 1939 869 magis

92 885 95 894 ’
183 896 325 971 cibisque,
345 910 379 953 ac
394 892 463 952 vinc
481 891 594 951 vitiosis
615 898 642 949 et
664 889 806 963 corruptis
826 888 960 959 aleretur,
987 888 1039 947 sed
1080 901 1225 952 accensus,
1251 900 1318 944 cum
1335 884 1458 944 omnino
1475 882 1512 942 ab
1529 881 1577 941 his
1592 882 1709 943 caducis
1725 884 1814 944 rebus
1830 884 1937 946 abduci

182 990 321 1060 perpetuo
353 978 470 1041 nudatis
501 980 624 1056 pedibus
652 993 801 1053 pannosus
828 977 982 1049 incederet,
1010 982 1039 1036 11
1080 976 1299 1048 monachusque
1317 972 1382 1032 tieri
1400 970 1584 1045 decreuisset,
1604 971 1634 1030 id
1658 977 1755 1031 111111
1779 972 1811 1030 11
1834 974 1938 1048 patriis

181 1072 283 1132 multis
307 1069 479 1130 uerberibus
497 1068 656 1144 vapularet,
676 1068 821 1143 pauloque
838 1065 974 1141 grandior
991 1066 1038 1126 ia·
1079 1066 1189 1126 tinibus
1200 1065 1238 1125 ob
1252 1064 1354 1124 affines
1365 1064 1534 1140 aliquotque
1548 1063 1606 1122 alia
1615 1064 1823 1139 impedimenta
1836 1065 1937 1125 minus

181 1168 245 1222 ctus
258 1160 371 1220 alendis
383 1160 485 1219 suibus
494 1159 701 1234 praeficeretur.
713 1156 748 1215 In
763 1172 821 1232 quo
831 1155 884 1215 vili
895 1155 1038 1217 famulatu
1080 1163 1173 1217 tutum
1185 1157 1383 1228 arbitraretur,
1393 1157 1457 1215 111
1467 1155 1641 1231 cogitantem
1652 1156 1835 1233 assiduisque
1844 1158 1937 1232 preci·

182 1269 250 1313 cum
266 1251 314 1310 die
327 1250 453 1326 quadam
471 1256 641 1324 argenteum
660 1262 815 1308 nummum
831 1247 992 1322 reperisset,
1010 1253 1038 1308 et
1078 1245 1135 1305 bus
1150 1245 1372 1305 contendentem
1383 1262 1401 1305 a
1412 1245 1481 1318 Deo,
1498 1250 1531 1304 ut
1542 1244 1579 1304 ad
1592 1243 1716 1303 salutem
1727 1244 1935 1319 sempiternam

181 1340 304 1417 perinde
321 1353 354 1397 sc
369 1338 451 1398 diros
470 1346 586 1413 repente
604 1339 696 1397 iactus
713 1336 948 1413 gratulabundus
965 1337 1036 1413 quid
1078 1334 1191 1396 adimm
1215 1340 1328 1410 pararet
1348 1351 1366 1393 a
1390 1333 1549 1394 solitudine
1575 1341 1682 1394 sanctae
1708 1333 1808 1395 Crucis
1835 1335 1936 1396 Fontis

182 1444 217 1489 eo
240 1433 335 1503 posset
361 1424 457 1501 aptius
483 1426 606 1485 mercari
629 1426 710 1486 dulci
735 1425 864 1500 appetitu
891 1425 1036 1501 puerilem
1078 1427 1328 1502 irritatamque
1353 1431 1397 1486 est
1417 1426 1449 1485 in
1471 1424 1628 1499 Eugubina
1652 1426 1779 1498 diaecesi,
1797 1427 1935 1486 monachi

182 1519 315 1578 animum
351 1518 489 1577 suarium
526 1532 623 1576 rerum
655 1517 788 1577 omnium
812 1523 960 1592 expertem
986 1532 1038 1591 per
1078 1516 1146 1587 duo,
1168 1516 1203 1575 de
1218 1514 1326 1591 quibus
1337 1517 1399 1591 jam
1415 1515 1507 1576 multa
1524 1515 1662 1590 preclara
1676 1522 1834 1591 acceperat,
1853 1516 1935 1577 diri·

181 1607 282 1665 mollia
310 1605 450 1676 trahente,
477 1605 591 1666 diutius
613 1605 760 1681 cogitaret,
783 1606 899 1666 hadent
922 1605 1036 1666 coelitus
1077 1609 1158 1667 nitus
1170 1606 1300 1683 impulsi,
1317 1606 1504 1667 conveniunt.
1520 1605 1574 1667 His
1592 1607 1706 1677 Petrus,
1725 1611 1878 1684 postquam
1897 1608 1935 1667 de

180 1696 305 1768 adlatus,
328 1693 399 1769 quid
420 1695 494 1765 haec,
516 1692 621 1769 iuquit,
647 1700 744 1753 mente
765 1693 906 1754 revolvo?
930 1697 1035 1757 horum
1078 1696 1138 1756 Deo
1157 1695 1250 1756 multa
1268 1696 1385 1756 locutus
1402 1710 1468 1756 cum
1491 1694 1552 1756 iilis
1570 1695 1637 1767 luit,
1657 1695 1748 1771 aperit
1771 1695 1863 1754 animi
1886 1696 1934 1756 sui

180 1793 256 1847 certe
267 1786 401 1860 roluptas
413 1800 600 1860 nequaquam
615 1784 704 1844 luerit
718 1785 867 1845 diuturna.
885 1783 1036 1846 Praestabit
1046 1800 1207 1867 ansum,
1228 1785 1357 1861 petitque
1376 1800 1450 1845 num
1469 1784 1506 1843 ab
1522 1799 1623 1845 eorum
1645 1784 1757 1855 abbate,
1778 1785 1803 1844 si
1828 1800 1933 1844 mona·

179 1878 291 1938 tradere
314 1877 369 1936 hoe
391 1876 541 1948 sacerdoti,
561 1876 613 1951 qui
635 1891 714 1935 sacra
739 1874 798 1934 Deo
821 1876 916 1935 faciat.
940 1876 1037 1939 Rediit
1077 1874 1149 1933 chus
1171 1872 1259 1933 vellet
1284 1873 1357 1944 lieri,
1385 1873 1579 1948 reciperetur?
1609 1872 1684 1947 Ipsis
1708 1872 1930 1945 affirmantibus,

178 1967 254 2027 atius
267 1967 376 2027 interea
392 1967 456 2041 ejus
471 1966 569 2037 irater,
588 1965 637 2024 cui
657 1970 718 2026 erat
732 1980 840 2025 nomen
863 1966 1035 2043 Damippus,
1076 1964 1161 2025 laetus
1178 1964 1298 2038 spondet
1319 1981 1350 2022 se
1374 1963 1446 2023 illue
1461 1978 1549 2039 quam
1569 1962 1698 2039 primum
1716 1963 1930 2037 proiecturum.

176 2058 377 2133 Ravennaqne
410 2054 523 2130 aliquot
557 2069 650 2114 annos
686 2052 829 2114 abluerat.
867 2055 896 2115 ls
939 2056 1037 2118 iratris
1076 2054 1169 2113 Donat
1186 2053 1296 2113 interea
1315 2054 1460 2129 scyphum
1477 2059 1646 2127 argenteum
1665 2052 1852 2113 abeuntibus.
1874 2052 1931 2113 Ve-

176 2159 324 2206 aerumnas
337 2144 503 2214 miseratus,
519 2157 586 2201 eurn
602 2141 632 2200 in
646 2141 734 2201 iidem
745 2149 774 2201 ct
784 2142 949 2202 clientelam
963 2145 1036 2204 acci·
1075 2157 1142 2202 rum
1158 2156 1226 2201 cum
1242 2140 1383 2200 instanter
1396 2140 1482 2213 illud,
1496 2139 1580 2200 nullo
1593 2139 1728 2216 precibus
1741 2140 1805 2200 loco
1818 2139 1930 2214 relicto,

175 2237 258 2312 piens
276 2241 407 2294 amanter
422 2249 455 2292 ac
471 2239 590 2307 paterne
604 2232 686 2302 ierit,
706 2231 867 2307 litterisque
885 2232 1034 2294 instruen·
1073 2230 1240 2290 renuissent
1255 2236 1343 2304 atquc
1355 2228 1393 2289 ob
1408 2230 1436 2288 id
1452 2234 1620 2305 conceptam
1634 2228 1666 2288 in
1679 2229 1779 2290 animo
1791 2230 1869 2290 Petri
1882 2247 1932 2290 re-

175 2325 251 2384 dum
262 2323 385 2383 curarit.
403 2320 484 2393 Quod
499 2337 567 2380 cum
585 2320 736 2380 Rauennae
753 2319 929 2395 aliquandiu
947 2323 1032 2382 fecis-
1074 2317 1212 2392 ligionem
1231 2323 1260 2376 et
1279 2318 1445 2393 opinionem
1461 2334 1562 2378 eorum
1576 2318 1735 2378 sanctitatis
1751 2320 1930 2394 111311111-

135 2487 139 2492 .
175 2420 228 2484 set,
252 2412 361 2487 optima
379 2411 493 2485 cognita
510 2410 593 2485 pueri
616 2409 723 2480 indole,
749 2410 917 2471 Ferentium
939 2412 1032 2485 primo
1072 2407 1246 2485 firmassent,
1261 2407 1394 2468 iecerunt
1408 2409 1452 2469 uti
1466 2410 1561 2485 majus
1574 2406 1671 2470 adhuc
1683 2409 1859 2470 caducarum
1871 2410 1930 2471 ha-

172 2501 262 2573 misit,
279 2515 349 2558 mox
361 2499 506 2570 Parmam,
518 2505 550 2558 ut
560 2498 657 2557 doctos
669 2497 711 2557 ibi
724 2497 801 2558 viros
811 2500 935 2560 audiret.
947 2500 1031 2572 Quod
1071 2511 1138 2556 rum
1148 2497 1407 2558 rerumiastidium
1418 2497 1691 2572 Petrusincurrerit,
1703 2501 1927 2575 necquidquam

173 2589 276 2650 Petrus
291 2588 354 2648 suis
365 2586 469 2646 litteris
485 2592 615 2647 testatur.
1070 2586 1150 2647 aliud
1166 2586 1225 2646 nisi
1240 2588 1368 2647 coelestia
1381 2587 1526 2663 cogitaret.

208 2675 297 2737 Brevi
315 2681 414 2735 autem
435 2673 570 2734 liberales
596 2678 672 2734 artes
693 2689 795 2734 omnes
816 2673 944 2747 edoctus,
963 2679 1029 2733 tan-
1107 2674 1173 2734 Post
1195 2678 1406 2736 monachorum
1435 2677 1606 2750 discessum,
1634 2683 1668 2737 ut
1696 2693 1753 2738 usu
1781 2678 1929 2739 tractando

171 2775 235 2829 tum
255 2766 386 2827 nominis
404 2781 438 2824 ac
456 2766 543 2825 tamae
561 2766 638 2841 apud
657 2780 758 2825 omnes
776 2767 898 2842 adeptus
921 2773 964 2826 est
985 2772 1029 2838 ut,
1069 2771 1252 2838 cognosceret
1276 2774 1376 2825 utrum
1396 2766 1460 2840 ejus
1482 2775 1556 2825 esset
1578 2766 1706 2826 laborem
1728 2767 1928 2841 asperitatem·

170 2871 288 2919 summa
317 2854 444 2914 utilitate
471 2861 560 2929 atque
587 2853 754 2914 auditorum
782 2855 947 2930 frequentia
980 2871 1029 2915 eas
1068 2867 1126 2926 que
1145 2853 1213 2913 ritae
1232 2853 1356 2927 laturus,
1382 2853 1503 2928 coniecit
1524 2868 1555 2914 se
1571 2853 1603 2913 in
1624 2853 1761 2914 cellulam
1784 2856 1854 2915 satis
1878 2872 1926 2915 ar·

169 2945 282 3004 caeteris
304 2941 409 3001 deinde
430 2941 592 3016 explicans,
615 2942 699 3000 tacite
725 2942 839 3016 primus
862 2949 920 3001 tcta
944 2941 1029 3002 Italia
1067 2943 1225 3014 clamabi
1251 2959 1302 3018 per
1330 2943 1521 3017 quadraginta
1543 2940 1604 3002 dies
1624 2942 1715 3002 ritem
1732 2943 1820 3016 juxta
1847 2943 1928 3017 leges

97 3103 100 3106 ,
167 3033 332 3093 haberetur.
350 3032 484 3105 Cumque
502 3030 534 3089 in
552 3031 615 3090 dies
629 3029 788 3103 laroribus,
803 3030 896 3106 gratia
915 3031 1026 3107 princi·
1067 3030 1255 3092 cremitarum
1272 3037 1381 3090 sanctae
1396 3031 1498 3090 Crucis
1516 3030 1656 3091 traduxit.
1674 3030 1736 3101 Quo
1754 3047 1863 3106 genere
1883 3032 1928 3090 ri·

167 3133 250 3197 pum,
278 3119 389 3181 divitiis
411 3126 440 3179 11
461 3120 631 3180 auctoritate
653 3126 804 3194 cresceret,
824 3121 953 3196 seipsum
979 3122 1024 3182 in·
1067 3118 1155 3179 vendi
1172 3119 1335 3194 plurimum
1353 3119 1513 3191 roboratus,
1532 3118 1609 3178 nihil
1619 3121 1680 3193 jam
1698 3118 1883 3180 difficultates
1898 3125 1928 3179 et

166 3226 299 3285 crepans,
315 3209 461 3282 nunquid,
475 3208 598 3281 dicebat,
618 3209 665 3269 his
682 3215 820 3284 perpetuo
841 3209 969 3282 caducis,
984 3216 1025 3271 at·
1068 3211 1174 3270 durum
1196 3209 1265 3269 rite
1294 3209 1377 3270 illius
1404 3208 1526 3269 modum
1552 3209 1668 3283 timens,
1698 3209 1760 3269 suis
1786 3210 1927 3270 omnibus

164 3317 222 3378 que
235 3298 397 3360 interituris
414 3297 501 3357 bonis
517 3296 712 3358 inhaeserim?
730 3314 768 3358 an
786 3315 847 3360 non
862 3300 958 3374 potius
976 3299 1024 3360 his
1067 3298 1177 3371 inseiis,
1196 3299 1272 3359 clam
1286 3298 1323 3359 ad
1335 3314 1400 3359 eam
1413 3299 1522 3359 montis
1536 3297 1641 3357 danie
1659 3296 1845 3358 solitudinem
1861 3314 1926 3374 pro

164 3387 340 3460 valedicens,
363 3385 490 3445 coelestia
509 3385 677 3446 1111111111
701 3386 772 3458 Quae
793 3403 861 3448 cum
883 3393 1025 3462 repeteret
1066 3389 1159 3449 iectus
1174 3395 1226 3449 est.
1249 3389 1365 3465 Excipit
1384 3405 1453 3450 eum
1476 3389 1601 3450 libenter
1622 3388 1723 3458 abbas,
1751 3388 1926 3464 cuculloque

165 3476 284 3550 saepius,
314 3475 431 3534 1111111
458 3472 600 3549 paulatim
619 3474 706 3550 coepit
731 3475 841 3536 divinis
864 3476 970 3536 studiis
995 3483 1023 3537 et
1066 3476 1203 3538 indutum
1222 3477 1276 3539 111
1296 3494 1334 3537 ex
1356 3477 1509 3538 monachis
1531 3477 1563 3537 in
1584 3475 1769 3551 disciplinam
1795 3477 1925 3538 tironum

163 3561 312 3638 obsequiis
333 3577 442 3621 narare
460 3577 587 3637 operam.
607 3562 709 3639 ltaque
727 3564 782 3625 sub
800 3565 925 3639 pretiosa
943 3572 1023 3627 veste
1065 3581 1146 3627 more
1173 3566 1269 3626 tradit.
1296 3565 1446 3636 Quantum
1472 3573 1570 3627 autem
1588 3565 1751 3641 profecerit,
1774 3583 1923 3643 quamque

163 3651 261 3712 induit
286 3650 428 3723 cilicium,
457 3650 633 3727 inediaeque,
658 3658 687 3712 et
716 3652 826 3727 vigiliis
854 3669 886 3713 ac
912 3654 1022 3715 divinis
1065 3653 1260 3715 obedientiam
1275 3655 1413 3729 magistro
1427 3654 1680 3732 reverentiamque
1691 3655 1867 3731 prostiterit,
1882 3672 1923 3716 ex

163 3740 284 3815 hymnis
299 3740 436 3814 irequens
450 3739 582 3799 studium
595 3740 726 3812 exbibet,
742 3756 869 3817 cumque
888 3742 1022 3804 libidinis
1065 3758 1099 3803 eo
1123 3744 1208 3804 facile
1224 3743 1359 3821 cognosci
1377 3749 1479 3819 potest,
1497 3743 1576 3819 quod
1589 3745 1645 3804 iter
1659 3759 1727 3805 cam
1745 3749 1922 3819 preceptore

163 3836 238 3889 aestu
260 3846 313 3905 pro
337 3828 430 3888 aetatis
449 3835 553 3889 natura
574 3831 740 3904 jactaretur,
767 3833 870 3893 mediis
888 3834 1022 3895 noctibus
1064 3848 1153 3908 eques
1180 3835 1376 3909 ingressurus,
1400 3833 1559 3909 jussusque
1590 3833 1628 3893 ab
1657 3849 1700 3907 eo,
1726 3841 1759 3894 ut
1785 3833 1922 3894 indueret

163 3919 285 3979 scubiti
297 3934 421 3995 surgens
435 3920 519 3994 aquis
534 3935 565 3978 se
583 3920 765 3995 immergere,
782 3923 854 3983 dum
872 3923 1019 3982 11111111-
1063 3923 1226 3986 molliorem
1248 3930 1358 3986 vestem
1379 3939 1414 3984 ac
1435 3922 1643 4000 pulchriorem,
1663 3925 1834 4000 magistrum
1848 3940 1920 4000 sup·

163 4015 301 4085 gesceret,
327 4010 455 4086 indeque
479 4024 612 4085 egressus
636 4011 668 4069 in
694 4010 801 4072 lectum
826 4012 949 4071 minime
973 4029 1019 4072 re·
1062 4011 1132 4087 pler
1152 4011 1313 4072 obsecravit
1330 4027 1368 4072 ne
1387 4012 1464 4087 quod
1484 4013 1583 4073 minus
1602 4013 1702 4074 decere
1719 4014 1781 4088 ipse
1799 4012 1921 4072 arbitra·

162 4101 255 4176 gredi,
281 4101 331 4161 sed
358 4100 480 4177 psalmis
502 4107 590 4176 atque
618 4101 738 4177 hymnis
763 4101 860 4163 Deum
886 4102 1019 4164 uenerari
1062 4104 1147 4164 batur
1166 4105 1344 4180 preciperet
1367 4104 1511 4166 Caeterum
1538 4107 1684 4182 magister,
1707 4107 1853 4182 quicum
1880 4105 1919 4165 ob

163 4192 362 4247 consueverat·
1060 4202 1223 4272 perspectas
1244 4196 1367 4255 virtutes
1384 4195 1473 4255 11111
1492 4195 1640 4270 diligebat,
1660 4203 1867 4271 proptereaque
1880 4211 1919 4254 ne

198 4275 306 4335 blisum
321 4275 411 4335 inerit
427 4275 506 4337 dictu
523 4290 612 4350 quam
631 4276 798 4351 praestiterit
814 4278 966 4352 egentibus
980 4279 1018 4339 li·
1060 4285 1092 4344 11
1111 4285 1262 4361 publicum
1279 4282 1407 4359 prodiret
1425 4282 1498 4343 adeo
1515 4285 1655 4356 incultus,
1676 4285 1791 4360 optabat
1806 4301 1918 4360 nequa·

163 4364 343 4426 beralitatem
362 4371 391 4425 et
409 4366 652 4438 munificentiam,
676 4382 824 4442 quamque
846 4368 972 4445 benigne
990 4377 1019 4431 et
1061 4390 1149 4449 quam
1170 4374 1296 4436 assiduis
1313 4373 1500 4450 repetitisque
1517 4374 1583 4449 ejus
1609 4376 1744 4451 precibus
1769 4376 1915 4436 assentiri.

162 4455 210 4531 pie
231 4454 354 4530 prandio
376 4454 443 4517 illos
462 4456 617 4531 exciperet.
642 4457 705 4528 Quo
725 4457 788 4518 loco
808 4458 884 4520 illud
906 4476 1018 4537 nequa·
1062 4463 1588 4539 lgitanetrus,nenimispraeiractae
1596 4463 1917 4539 pertinaxobedientiae

162 4559 252 4620 quam
271 4545 386 4606 silentio
405 4545 521 4606 ridetur
538 4548 786 4621 praetereundum,
805 4564 873 4609 cum
890 4522 1244 4631 quadamDrepuguaret,
1268 4570 1438 4632 quanquam
1463 4556 1594 4616 maximo
1617 4555 1730 4631 pudore
1755 4571 1789 4616 ac
1810 4555 1918 4617 rubore

161 4633 209 4693 die
236 4648 296 4693 unt
321 4649 389 4694 eum
411 4635 503 4695 fiodali
530 4650 595 4705 ⁸110.
629 4636 715 4711 cujus
747 4653 834 4712 ⁰lles³
870 4639 1015 4714 utebatur.
1058 4644 1198 4717 suffusus,
1231 4644 1311 4721 qnod
1336 4660 1404 4720 quas
1426 4645 1563 4721 rejecerat
1581 4651 1752 4706 ornamenta
1774 4651 1917 4722 recepisse

161 4726 327 4799 pranderet,
341 4741 437 4804 neque
458 4732 541 4786 extra
558 4726 681 4787 unicum
695 4742 734 4786 ex
748 4727 914 4802 similagine
927 4728 1016 4789 tritici
1058 4735 1214 4807 videretur,
1229 4736 1379 4797 neminem
1396 4735 1504 4797 intueri
1522 4751 1584 4811 pre
1602 4736 1714 4811 pudore
1734 4738 1930 4811 11111111·-

159 4813 376 4888 11111111111111111
395 4814 516 4875 habetet
529 4814 689 4892 wdalitltte,
709 4815 760 4892 (itti
778 4816 1016 4879 10111111ῡῶ011ῐί
1059 4828 1173 4888 chriore
1190 4828 1313 4889 indutus
1326 4826 1454 4899 cucullo,
1474 4825 1613 4903 magiam
1631 4842 1728 4887 comes
1748 4827 1820 4889 abiit
1830 4846 1838 4901 ;
1857 4842 1920 4886 cer·

160 4911 360 4979 fflfflflsslerflb
386 4904 514 4966 1111111111
545 4903 791 4967 ⁰⁸⁸0⁰1¹⁰d³f1u⁸
824 4908 907 4983 11111Ῑῦ
942 4913 1017 4967 efflei
1058 4933 1129 4980 nere
1146 4926 1252 4993 111111,
1271 4918 1520 4994 quemadmodum
1537 4918 1661 4994 ipsemet
1678 4917 1788 4990 retulit,
1813 4931 1919 4978 omnes

159 4997 435 5071 admittendorum
453 4997 536 5074 loqui
553 4995 674 5072 eoepisse
687 5015 694 5058 :
706 4997 840 5060 christus
851 4999 889 5059 ad
901 5013 1016 5061 coenam
1058 5023 1127 5068 eam
1147 5007 1238 5082 digito
1260 5011 1528 5078 commonstrantes,
1547 5012 1576 5067 et
1593 5007 1693 5082 sponsi
1708 5005 1838 5077 nomine,
1854 5020 1918 5065 111

159 5097 256 5143 meam
280 5087 402 5148 interior
431 5086 506 5147 mihi
535 5091 589 5161 est,
616 5088 738 5162 jamque
765 5086 813 5149 his
837 5094 925 5165 atque
948 5091 1015 5152 aliis
1058 5096 1195 5158 monachi
1231 5095 1433 5171 appellitantes
1461 5110 1636 5171 quacunque
1674 5094 1830 5164 incederet,
1858 5093 1918 5154 sibi

159 5172 260 5231 animo
281 5177 418 5250 repetitis,
441 5192 511 5238 cum
537 5192 644 5254 panem
669 5192 738 5239 cum
760 5176 812 5238 illc
837 5186 1016 5242 commutare
1058 5185 1221 5246 ridebatur.

158 5261 342 5336 1111111111,
371 5266 481 5339 pudore
520 5273 618 5329 tamen
654 5274 794 5329 retractus
828 5275 881 5330 est.
913 5270 1015 5349 Itaque
1093 5273 1140 5334 Ad
1161 5271 1329 5334 coencbium
1345 5287 1481 5333 reversus
1499 5269 1645 5347 majoriin
1659 5268 1722 5330 dies
1738 5269 1919 5330 abstinentia

159 5353 359 5413 comedentem
373 5371 462 5429 paror
476 5360 586 5419 sensim
599 5360 711 5434 arripit,
727 5368 755 5420 et
767 5361 870 5423 horror
886 5365 1015 5425 concutit
1057 5377 1092 5421 ac
1113 5359 1224 5436 vigiliis
1241 5360 1279 5419 ad
1297 5361 1478 5421 sanctitatem
1499 5374 1709 5436 summumque
1730 5359 1842 5418 bonum
1867 5357 1917 5416 in·

131 5440 316 5513 ,1111111111
330 5444 505 5518 tandemque
519 5447 618 5522 piscis,
632 5465 698 5523 quae
712 5457 875 5511 transuersa
895 5452 927 5511 11
946 5460 1015 5528 gut·
1058 5451 1204 5513 cumbere.
1220 5451 1276 5511 Per
1287 5450 1318 5510 id
1331 5452 1468 5527 temporis
1485 5448 1621 5510 monachi
1640 5447 1696 5521 illi,
1713 5456 1839 5524 quatuor
1850 5447 1917 5507 die·

156 5535 221 5593 ture
237 5530 403 5603 inhaeserat,
425 5532 509 5606 spina
529 5536 621 5594 nullis
640 5538 745 5598 cedens
763 5538 900 5599 remediis
920 5547 1014 5601 stran-
1057 5545 1113 5604 bus
1137 5543 1325 5603 hebdomadas
1347 5559 1422 5617 pane
1447 5549 1476 5602 et
1501 5556 1576 5617 aqua
1601 5542 1751 5615 traductis,
1781 5541 1863 5601 tertia
1886 5548 1918 5601 et

154 5623 284 5698 1111111,
298 5637 378 5697 eum,
392 5620 422 5683 id
437 5620 492 5684 sibi
510 5623 548 5684 ob
566 5640 671 5700 111111
689 5642 727 5686 ex
742 5627 908 5703 similagine
921 5631 1014 5692 sodali
1058 5633 1159 5708 quinta
1177 5633 1267 5701 tertis,
1288 5649 1393 5708 parum
1412 5630 1571 5706 teguminis
1584 5646 1601 5690 a
1614 5631 1741 5706 singulis
1754 5631 1817 5692 suis
1836 5645 1918 5689 seor·
