4100 6209
194 290 250 350 Μ
926 290 1045 350 SERllO
1059 292 1151 350 lxlv.
1775 305 1831 363 m

196 402 353 478 adeptionis
369 416 480 478 arsaprc
502 402 678 475 mysterium·
690 411 719 458 et
743 403 815 460 lilius
828 401 948 476 Virginis
963 414 991 461 et
1004 413 1028 470 Α
1041 420 1104 462 enm
1125 406 1160 463 ad
1182 404 1276 479 glorie
1297 420 1367 463 mese
1387 407 1553 465 consortium
1581 409 1754 469 transierant.
1778 415 1834 472 Ve-

196 495 282 554 lrater
302 503 346 552 est
366 492 528 551 salvatoris.
555 494 626 550 liinc
642 496 774 566 estquod
796 503 914 551 mentem
931 509 991 564 epus
1042 496 1126 557 niam.
1145 504 1177 550 ιιι
1190 494 1401 566 laboribusejus
1414 497 1503 568 dignae
1522 501 1750 558 remunerationis
1763 517 1834 574 prar-

200 589 375 661 onrnipotens
397 588 469 644 Deus
494 588 529 644 ad
553 597 659 645 tautum
681 589 808 660 puritatis
821 604 855 646 ac
868 588 989 660 mysticas
1014 585 1020 601 '
1042 588 1126 643 urium
1138 588 1261 645 reddam
1276 588 1319 646 td
1340 589 1422 660 liujus
1435 589 1553 662 moigne
1567 589 1756 661 promissionis
1769 593 1836 653 effe-

198 678 492 738 metationisrutmm
518 679 610 734 erexit
624 690 654 735 ut
668 679 693 735 ei
716 694 770 735 uou
796 680 990 736 modustatum
1040 689 1114 737 ctum
1127 680 1318 738 clarumdedit
1335 681 1477 747 indicium,
1499 698 1562 739 cum
1585 683 1612 739 in
1632 683 1835 754 eiusolritura·

195 770 325 829 Ecclesiae
339 768 482 846 praesentis
493 770 659 834 ostenderet.
675 770 723 826 sed
741 769 823 826 eriam
835 770 900 842 guid
914 771 991 828 dein·
1041 769 1162 825 dientem
1180 769 1246 826 lecit
1257 770 1411 826 enitescere
1423 770 1524 838 lucem,
1546 785 1691 844 perquam
1710 772 1835 830 videlicet

197 874 265 932 ceps
279 859 402 915 loturum
423 868 497 916 esset
510 873 596 930 nsque
619 860 823 931 inperpetuum
845 860 990 918 revelaret.
1043 861 1147 932 liquido
1169 862 1259 933 patuit
1281 860 1369 932 ipsum
1396 862 1504 920 coeiitus
1525 863 1668 920 aduenisse
1697 863 1766 921 lueis
1785 880 1834 922 au-

196 954 276 1013 llnde
290 961 318 1009 et
333 952 408 1008 illam
423 952 541 1008 nubilum
562 968 642 1010 suam
666 953 777 1024 scripsit
790 952 990 1026 Apocalypsin.
1041 963 1155 1011 ctorem.
1170 954 1357 1025 enutriamus
1371 953 1502 1012 Dominus
1513 956 1701 1026 promissionis
1713 971 1770 1012 suae
1779 974 1833 1012 riou

198 1061 263 1118 guae
287 1044 416 1100 nimirum
446 1044 531 1100 tantis
556 1045 733 1116 cognosciutr
754 1044 909 1101 redmdare
934 1060 993 1115 rrry·
1042 1043 1197 1110 immemor,
1211 1046 1257 1116 gui
1267 1054 1296 1101 et
1305 1045 1424 1101 animam
1439 1044 1500 1116 ejus
1521 1044 1608 1100 inilia
1628 1060 1753 1117 supernae
1771 1045 1835 1103 llic·

195 1135 377 1192 stemisuttut
388 1132 623 1190 ririeamrirairere
635 1141 804 1191 sacramenta
818 1134 991 1205 qnotrmlra,
1041 1134 1160 1190 ruralem
1179 1136 1271 1205 quiem
1293 1135 1445 1207 susciperet
1461 1144 1491 1191 ct
1505 1135 1718 1192 sacratissimum
1733 1151 1832 1206 eorpus

197 1229 253 1284 imo
281 1227 309 1283 in
334 1225 425 1282 uerbis
447 1225 562 1296 siugulis
584 1224 751 1296 multiplices
777 1224 881 1281 lateant
907 1222 988 1279 intel·
1042 1225 1070 1280 in
1088 1239 1132 1292 ea,
1146 1239 1207 1295 guse
1221 1226 1375 1297 ipsenorit,
1388 1225 1836 1302 secretirecessusarcanatrans·

196 1317 294 1374 lectus.
1042 1313 1137 1371 ierret.
1149 1313 1218 1370 Nam
1228 1314 1346 1372 etdeli.
1360 1315 1455 1372 Enoch
1468 1314 1567 1387 legitur
1577 1314 1641 1386 guia
1656 1312 1836 1371 ambulaverit

232 1406 298 1476 Qua
310 1407 434 1477 pmlecto
457 1420 520 1462 eum
536 1412 642 1476 septem
666 1404 739 1462 Asia
752 1403 883 1462 Ecclesiis
904 1403 992 1461 mitti·
1042 1420 1105 1459 curn
1119 1403 1185 1470 lieo,
1196 1410 1226 1460 et
1240 1418 1295 1461 noo
1309 1404 1507 1471 inveniemur,
1524 1405 1588 1475 guia
1605 1403 1742 1461 transtulit
1754 1402 1831 1459 illum

197 1498 338 1563 tur,omni
359 1496 505 1553 uniuersali
529 1496 746 1568 Ecclesitmquoe
764 1498 816 1553 suu
839 1493 991 1567 septiformi
1042 1493 1253 1566 bessilicus).

197 1586 317 1658 Spiritus
329 1588 417 1643 sancti
432 1588 536 1659 regitur
550 1586 720 1659 magisterio,
738 1587 903 1644 destinatur.
915 1585 991 1642 llnde
1076 1584 1138 1641 iarn
1151 1591 1217 1641 nero
1231 1582 1296 1640 iliud
1310 1584 1373 1656 guis
1386 1584 1467 1655 digne
1480 1584 1595 1640 miretur
1618 1585 1690 1656 quod
1702 1582 1731 1640 in
1741 1582 1833 1654 repud·

195 1690 366 1747 mnmgucns
380 1686 422 1733 eat
443 1685 474 1732 ut
488 1691 585 1735 omncs
608 1676 739 1734 Ecclesia
761 1690 809 1748 per
822 1677 917 1734 orbern
937 1684 992 1732 ter-
1041 1674 1162 1747 emejus
1175 1690 1273 1730 rnanua
1289 1676 1424 1746 reperitur
1445 1683 1474 1730 'et
1500 1673 1527 1729 in
1542 1684 1622 1730 tcrrae
1646 1687 1730 1746 specu
1755 1672 1833 1745 panis

195 1779 289 1823 rarum
302 1764 514 1837 circruuguaque
527 1764 637 1844 dmum,
651 1781 705 1823 noo
723 1767 849 1824 dubitent
865 1765 898 1822 li.
909 1764 990 1822 loan-
1006 1758 1105 1822 nmo
1128 1779 1182 1820 uon
1194 1762 1291 1830 semei,
1312 1763 1360 1820 sed
1372 1763 1493 1835 quotidie
1511 1763 1653 1821 nascituri
1673 1763 1713 1819 lie
1734 1776 1833 1817 manna

195 1869 259 1914 sem
272 1869 443 1912 communem
459 1871 490 1912 se
507 1857 611 1913 habere
634 1857 786 1915 doctorem.
799 1856 904 1925 Quibus
917 1857 992 1913 ride
1040 1856 1151 1927 quippe,
1172 1855 1248 1912 sairo
1260 1854 1350 1913 aitiori
1365 1856 1510 1928 nrnurlo,
1529 1856 1661 1929 scripturn
1680 1864 1723 1913 est
1736 1872 1744 1909 ι
1756 1873 1767 1907 ι
1781 1855 1833 1911 Pa·
1865 1869 1871 1878 ·

195 1946 260 2002 icet
269 1953 399 2016 tanguam
414 1945 541 2018 egregius
552 1945 664 2017 quitiam
685 1945 786 2019 regalis
797 1945 904 2016 imperii
922 1960 992 2002 nus·
1039 1961 1104 2002 uenr
1118 1945 1152 2002 de
1164 1949 1235 2002 nmio
1257 1945 1354 2002 dedisti
1375 1945 1427 2012 eis,
1444 1945 1568 2012 Domine.
1594 1945 1739 2001 lanuinus
1752 1959 1834 2001 omrre

194 2035 262 2099 tius,
274 2035 383 2092 alriesu
403 2035 523 2102 Christo.
539 2036 587 2108 qui
610 2044 655 2093 est
670 2036 750 2092 testis
771 2035 876 2101 idelis..
891 2034 993 2108 primo-
1040 2034 1269 2092 delectamentum
1282 2033 1359 2106 (sup.
1377 2034 1466 2109 arri.»
1492 2035 1609 2092 leniant
1631 2035 1715 2106 igitur
1736 2048 1832 2092 ornnes

196 2125 307 2198 genitus
331 2126 454 2180 risurum
479 2132 509 2181 et
530 2131 722 2192 mortuorum,
745 2132 774 2181 et
796 2124 931 2196 princeps
949 2139 993 2181 rc-
1042 2125 1167 2182 nationes
1190 2125 1322 2197 gentium,
1341 2133 1370 2181 et
1391 2126 1587 2197 obstupescant
1599 2124 1761 2181 miraculum
1774 2139 1834 2181 orru-

194 2229 261 2287 gum
285 2221 367 2269 terrm
390 2212 500 2270 utelitas
525 2212 696 2280 destinatus,
719 2214 834 2285 gratiam
859 2211 939 2269 simul
964 2220 993 2268 et
1041 2216 1122 2273 nibus
1137 2217 1238 2288 ubique
1261 2216 1371 2273 seculis
1390 2211 1553 2273 inauditum.
1569 2216 1696 2281 Veniant,
1711 2214 1832 2287 iuquam.

195 2320 289 2379 pacem
313 2304 349 2362 alr
363 2320 398 2362 eo
417 2306 465 2378 gei
482 2316 535 2372 est,
555 2314 584 2363 et
596 2305 644 2378 gui
665 2314 735 2373 erat,
749 2314 779 2361 et
797 2304 845 2376 gui
861 2312 993 2361 venturus
1041 2316 1071 2366 st
1079 2308 1248 2364 admirentss
1254 2307 1388 2379 aspiciant
1395 2307 1459 2378 quia
1469 2308 1498 2362 in
1510 2307 1644 2378 sepulcro.
1655 2305 1727 2377 quod
1738 2303 1834 2376 procul

195 2405 250 2463 cst,
263 2395 354 2453 attulit
367 2405 396 2453 et
417 2394 501 2454 multa
518 2395 618 2454 secreti
629 2396 750 2453 mestis
763 2396 893 2467 mysteria
916 2403 993 2467 pate·
1041 2398 1234 2455 dubiodomus
1254 2407 1299 2455 est
1317 2398 1462 2466 vermium,
1476 2398 1555 2470 panis
1579 2397 1702 2454 nescitur
1719 2397 1833 2469 angelo·

195 2486 271 2543 mcii.
1041 2505 1116 2556 ram,
1129 2490 1197 2545 adeo
1209 2494 1240 2544 ut
1260 2502 1323 2544 cum
1340 2486 1477 2560 Propheta
1493 2488 1521 2544 in
1544 2487 1633 2558 magni
1648 2487 1771 2543 muneris
1781 2486 1833 2542 ad-

230 2574 291 2632 lsm
302 2588 368 2633 vero
382 2574 427 2632 ilia
459 2575 548 2634 beate
561 2574 731 2648 migrationis
744 2575 805 2648 eius
817 2576 925 2634 ueritas
940 2575 992 2634 mi·
1041 2579 1188 2638 mintium
1200 2578 1358 2650 pronuntiet
1372 2577 1444 2649 guod
1461 2573 1610 2634 israelitico
1622 2576 1720 2649 populo
1734 2590 1832 2632 manna

195 2663 384 2735 rabilisguem
400 2680 454 2721 noo
467 2666 595 2721 moreest
612 2664 680 2734 Quis
693 2664 857 2723 leliciaaime
866 2680 993 2724 consum
1042 2670 1116 2726 lieus
1138 2668 1276 2726 conrasit
1297 2669 1325 2724 iu
1347 2669 1450 2734 riuum,
1476 2667 1621 2725 dioenscr
1644 2666 1746 2723 Panem
1770 2664 1834 2722 eseli

196 2754 451 2827 udonisgloriam
475 2771 531 2812 non
552 2755 920 2827 obstupescatiouiaenim
941 2756 993 2811 mi·
1041 2762 1118 2820 demi
1140 2761 1215 2829 «ιη
1244 2777 1343 2833 panau
1365 2759 1524 2833 angelorum
1553 2759 1731 2818 manducarit
1751 2759 1835 2815 horno

197 2844 413 2913 militensium,
428 2845 591 2902 mirabiliter
608 2843 679 2902 obiit
692 2861 701 2906 ι
714 2853 743 2902 et
766 2846 831 2917 guia
845 2860 900 2902 non
914 2859 991 2901 com·
1042 2850 1131 2925 (Pul.
1144 2853 1248 2924 ιιιιιι)
1261 2867 1291 2920 ;r
1305 2852 1377 2922 guod
1393 2850 1446 2906 iilis
1468 2859 1534 2906 tuuc
1548 2850 1735 2906 mittebature
1753 2847 1833 2913 coelo.

196 2950 309 2993 munem
322 2951 385 2992 cum
407 2935 661 2993 hominibusrltam
682 2934 992 3003 deuteronomium
1043 2960 1117 3000 nuno
1129 2945 1264 3000 scaturire
1277 2943 1447 3012 conspicitur
1462 2940 1626 3012 esepuicro.
1640 2938 1756 2995 sienim
1776 2953 1834 2994 nra·

195 3024 338 3081 lsorniuum
350 3035 438 3082 morto
458 3025 595 3082 trasmirit.
620 3023 701 3091 llam,
717 3034 749 3080 ut
771 3025 893 3082 historiae
904 3026 992 3082 conti·
1043 3049 1126 3105 girum
1138 3035 1167 3089 in
1183 3042 1256 3089 terra
1269 3032 1428 3088 miraculum
1441 3047 1540 3088 manna
1557 3046 1611 3086 uon
1633 3039 1716 3097 esset,
1731 3045 1835 3102 nequa.

194 3124 274 3184 ”ssis
297 3116 458 3189 illidium
483 3117 511 3173 5⁰
539 3116 664 3173 Ecclesia
689 3115 749 3172 fleri
772 3114 879 3172 swam
899 3115 990 3188 iussit.
1004 3115 1029 3178 C
1043 3139 1125 3196 guam
1139 3122 1223 3197 llogsi
1242 3123 1372 3180 Dominus
1387 3122 1491 3179 serrari
1506 3137 1555 3191 per
1568 3121 1666 3178 secula
1685 3121 1749 3177 iilud
1765 3103 1858 3192 prae*s

195 3223 316 3280 moxque
332 3209 437 3265 ineam
453 3207 622 3264 descendens
645 3205 905 3263 extensismanibus
930 3209 993 3276 post
1041 3213 1159 3285 papirus
1172 3229 1206 3269 ιι
1224 3212 1319 3283 imple,
1339 3212 1436 3282 inquit,
1467 3227 1561 3285 gomor
1577 3226 1612 3268 ex
1630 3227 1672 3278 eo.
1694 3221 1723 3268 et
1739 3222 1832 3269 custo-

195 3300 303 3373 prolixa
317 3299 384 3358 iusae
396 3299 529 3356 orationis
547 3299 633 3355 rerba
646 3298 785 3370 migrarit
810 3297 873 3354 linx
900 3308 991 3354 autem
1041 3305 1132 3361 ducor
1151 3303 1180 3359 in
1203 3300 1309 3358 turmas
1336 3310 1410 3357 retro
1433 3301 1631 3372 generationes,
1655 3309 1687 3356 ut
1708 3301 1836 3356 noverint

196 3403 276 3451 tanta
298 3409 381 3466 super
400 3408 463 3449 eum
478 3392 526 3450 lux
547 3391 656 3448 ooelitus
677 3391 832 3449 emensissa
851 3399 882 3447 ut
902 3391 993 3448 nullos
1041 3412 1141 3469 panem
1162 3408 1218 3467 guo
1230 3394 1285 3451 alui
1298 3394 1386 3449 eosin
1401 3389 1680 3462 solitudine‚guandu
1693 3389 1774 3446 eduxi
1786 3405 1834 3446 eos

197 3498 261 3541 mm
279 3482 365 3541 terret
392 3481 517 3540 allectus.
532 3480 708 3539 Postmodum
724 3496 797 3538 ⁴reru
818 3482 928 3538 iuventa
947 3488 992 3538 est
1041 3488 1076 3544 de
1093 3496 1166 3544 terra
1185 3483 1297 3556 AEggpti
1318 3480 1418 3555 (duod.
1431 3479 1500 3553 ιιι).
1516 3499 1527 3534 ι
1543 3479 1613 3536 Ecce
1630 3478 1694 3552 quid
1714 3489 1835 3536 meretur

198 3575 279 3631 lorea
303 3575 369 3631 uilrii
385 3573 457 3630 aliud
470 3573 497 3629 in
510 3588 541 3631 se
553 3572 709 3638 continens,
724 3573 777 3630 nisi
793 3588 904 3640 manna,
919 3574 992 3646 quod
1041 3575 1173 3650 pudicitia
1196 3572 1348 3644 virginalis.
1372 3572 1442 3628 Ecce
1464 3580 1573 3642 quantae
1588 3568 1780 3641 magnitudinis
1793 3576 1836 3625 est

198 3653 339 3732 Videlicet»
358 3664 430 3723 liciti
449 3663 561 3732 dieitur.
581 3677 669 3735 usgue
686 3663 767 3720 hodie
781 3662 915 3720 scaturire
938 3678 992 3719 nou
1042 3666 1179 3725 inuiolata
1191 3665 1283 3722 carnis
1295 3664 1448 3736 integritas.
1463 3660 1569 3727 iidete,
1580 3660 1680 3736 iratres
1692 3659 1757 3727 mei,
1768 3674 1835 3717 eon·

195 3757 307 3814 desinit.
1041 3760 1176 3823 siderate.v
1198 3756 1376 3828 perpendite,
1397 3756 1463 3826 guid
1487 3754 1646 3811 deliciarum
1668 3751 1836 3823 incorruptio

233 3847 317 3923 m
335 3846 382 3904 Sic
399 3860 541 3913 nummum,
556 3845 601 3903 sic
610 3845 738 3903 directum
757 3846 863 3905 auctori
877 3847 991 3904 ritnedl·
1042 3846 1273 3907 earnisimlneatin
1287 3845 1369 3911 emin.
1380 3844 1403 3899 si
1415 3843 1506 3899 cibum
1518 3842 1591 3907 celi,
1602 3839 1738 3914 germinat
1752 3839 1778 3895 in
1792 3853 1837 3895 se·

197 3945 333 4017 seipuium
355 3942 471 3999 transire
491 3940 526 4000 de
548 3940 648 3998 saeculo
669 3939 781 4012 dignum
796 3940 858 4007 luit,
880 3950 912 3997 ut
935 3950 992 4000 ιιιιι
1040 3939 1146 4013 puniero.
1158 3937 1274 4007 Quantis
1288 3936 1343 3992 illic
1354 3934 1505 3991 honoribus
1514 3932 1677 3989 sublimatur
1690 3930 1835 3988 beatatir·

199 4039 307 4094 iiereta
321 4033 416 4091 dolore
427 4031 524 4089 mortis
537 4039 684 4088 extraneus
697 4045 780 4103 guam
791 4046 807 4087 a
817 4030 993 4102 corruptione
1040 4029 1151 4102 ginitaa,
1172 4028 1218 4085 clii
1231 4027 1360 4083 nimirum
1373 4024 1431 4081 sola
1444 4032 1486 4079 est
1499 4022 1598 4094 gioria,
1613 4021 1637 4078 si
1656 4030 1685 4076 et
1705 4018 1786 4093 m
1803 4019 1832 4076 in

83 4129 100 4146 ¹
195 4127 291 4186 earnis
311 4124 400 4182 iuerat
416 4122 531 4180 alienus.
545 4121 576 4178 in
586 4121 726 4194 sepultura
739 4122 767 4178 iu
779 4120 871 4178 crucis
881 4121 992 4179 modurn
1041 4111 1220 4177 iooa‘ietorit
1244 4126 1328 4190 atque
1349 4113 1502 4189 wtrcdiuis
1528 4122 1583 4168 um
1609 4110 1770 4168 mirabiliter
1792 4118 1835 4167 est

196 4216 396 4294 iacereroluit,
411 4214 476 4286 quia
492 4227 602 4271 erucem
613 4212 716 4285 jugiter
730 4211 848 4270 virendo
861 4212 991 4285 portarit,
1041 4211 1180 4284 gloriosai

196 4308 310 4367 0⁸⁸¹&ss
321 4305 420 4362 Peiffli
431 4303 591 4376 Utinm!
616 4309 820 4367 wwiliittist
835 4311 993 4373 persecuto·
1078 4302 1158 4360 liudo
1186 4299 1245 4366 etsi,
1259 4314 1314 4356 uon
1325 4296 1474 4354 audeamus
1488 4303 1604 4367 penites
1622 4292 1747 4359 delinire.
1758 4292 1834 4363 pium

186 4401 278 4459 ribus
289 4396 450 4463 crucitirm,
466 4395 504 4452 ira
517 4392 717 4466 quodammodo
727 4400 757 4450 et
771 4391 890 4450 loannes
905 4393 993 4451 ineo·
1044 4402 1135 4449 mmen
1155 4399 1199 4449 est
1218 4388 1392 4446 arbitrarius
1408 4386 1525 4441 sicunde
1546 4386 1625 4441 licata
1639 4382 1687 4438 liei
1697 4380 1835 4437 Gerritrirs

198 4490 351 4552 cimiatiiet
365 4485 579 4561 pertissimus·
916 4547 921 4556 ,
1004 4455 1178 4548 ⁹ereditur,
1190 4480 1229 4536 ita
1239 4478 1322 4534 edam
1333 4477 1365 4531 Β.
1377 4473 1497 4530 loannes
1507 4473 1564 4544 iam
1575 4469 1758 4527 resurrexisse
1768 4483 1833 4540 pro·

235 4578 516 4640 Scibamluusinter
535 4590 584 4634 ens
607 4574 667 4633 lars
682 4573 868 4632 diversitatem
888 4573 991 4640 diruit,
1043 4571 1170 4629 habiliter
1184 4573 1335 4632 asseratur.
1351 4572 1485 4634 qrrmnus
1504 4562 1578 4618 sicut
1595 4560 1624 4616 in
1638 4558 1760 4629 uirginea
1773 4555 1834 4614 lue·

197 4689 262 4733 cun
275 4671 344 4729 dixis
353 4668 437 4727 Petro
451 4685 459 4723 r
473 4684 484 4720 ι
499 4666 546 4724 Sic
567 4681 630 4722 eum
642 4664 705 4721 rulo
717 4679 829 4720 manere
845 4664 932 4720 donce
945 4647 988 4721 ιε’·
1043 4672 1107 4721 runt
1131 4658 1290 4732 integritate
1314 4656 1472 4729 participes,
1492 4653 1530 4709 ita
1560 4649 1736 4708 nihilominus
1757 4655 1786 4705 et
1804 4647 1833 4703 in

198 4764 286 4821 ιὶιιιι.
298 4759 411 4830 Quidad
429 4758 479 4815 tei
491 4756 532 4813 Tu
546 4770 591 4812 me
602 4769 718 4826 segucre
730 4753 824 4826 (loos.
833 4755 904 4826 ιιι).
916 4772 927 4807 r
939 4752 991 4821 Qut
1043 4753 1195 4824 anticipata
1209 4748 1413 4807 resurrectione
1427 4744 1524 4803 merito
1538 4743 1680 4799 rideantur
1690 4737 1809 4811 annates
1823 4752 1833 4805 ;

197 4856 275 4911 esim
290 4851 402 4909 Petrum
415 4847 502 4904 roiuit
513 4861 607 4903 secum
620 4845 749 4902 incrucis
758 4844 881 4918 patibulo
895 4845 991 4900 trium·
1042 4842 1178 4902 nectitis
1190 4838 1390 4900 resurrectione
1399 4835 1543 4892 diversitas
1556 4833 1736 4904 guibustanta
1747 4825 1836 4882 iuerat

197 4943 298 5016 phare,
310 4942 372 5013 ipse
391 4937 513 4997 decrerit
526 4936 661 4993 ioannem
683 4936 711 4993 in
726 4935 911 4992 seeksiasdca
924 4948 992 5006 pace
1046 4932 1212 4992 unanimitas
1222 4926 1438 4988 conversationis
1458 4925 1487 4981 in
1500 4925 1567 4980 rita.
1582 4922 1611 4979 st
1634 4921 1709 4978 enim
1732 4916 1835 4974 nens·

199 5034 353 5106 euincere,
363 5040 498 5103 gustemus
509 5038 538 5085 et
548 5028 594 5084 ilie
604 5026 736 5084 sulreundi
751 5027 874 5100 mamyrli
886 5027 993 5085 ceteris
1045 5023 1108 5084 rimi
1122 5022 1243 5094 uirgines
1256 5021 1313 5085 isti.
1331 5016 1451 5074 loannes
1465 5013 1630 5071 uidelioctet
1642 5009 1738 5075 liaris,
1750 5005 1838 5064 noda-

199 5123 337 5197 prmlieret
360 5119 537 5192 exemplum,
557 5127 586 5174 et
599 5118 652 5174 iste
672 5125 765 5188 erecta
788 5131 872 5187 supra
895 5116 993 5173 lunda·
1046 5125 1128 5173 team
1147 5110 1343 5174 surrexissent.
1369 5124 1420 5164 cur
1436 5107 1464 5162 iu
1488 5118 1583 5160 sorum
1599 5099 1709 5157 tumulis
1729 5094 1836 5201 sepulta

199 5224 324 5273 mentum
338 5214 401 5271 idei
421 5210 549 5269 Ecclesiae
569 5209 672 5268 fabrica
689 5211 799 5282 gaietus
817 5209 949 5280 migraret
958 5209 993 5266 sd
1045 5209 1182 5268 cadavera
1204 5221 1260 5262 nou
1277 5202 1413 5273 imment,
1431 5213 1494 5255 urm
1514 5195 1619 5252 scilicet
1642 5190 1694 5246 ΒΒ.
1713 5188 1787 5245 Petri
1808 5195 1837 5252 ct

199 5308 303 5364 omum
315 5323 324 5375 i
336 5305 383 5363 lile
406 5303 541 5361 seuutmis
561 5301 728 5374 martyribus
748 5285 820 5358 esset
835 5299 994 5357 comtantiae
1045 5297 1123 5354 Pauli
1138 5304 1352 5363 oetcrorrrmque
1371 5287 1554 5362 apostolorum
1568 5292 1598 5342 et
1610 5291 1759 5353 martyrum
1772 5292 1835 5334 eor-

201 5398 301 5462 iorma.
324 5396 378 5452 iste
398 5393 504 5451 uorltsr
526 5391 554 5448 lu
572 5391 625 5448 lide
643 5390 774 5461 plantatis
798 5399 994 5470 esset-morum
1044 5404 1112 5462 pora
1130 5388 1189 5444 suis
1208 5397 1322 5457 guoque
1342 5387 1493 5438 noscamur
1516 5371 1661 5456 maumleis
1680 5366 1836 5473 tumularet

202 5500 286 5563 argue
297 5487 429 5544 virtutum
443 5482 624 5555 spiritualium
637 5482 788 5552 disciplina.
1046 5481 1113 5538 Num
1126 5479 1198 5551 guod
1211 5493 1277 5534 rere
1293 5475 1325 5530 li.
1340 5471 1459 5531 loannes
1477 5468 1577 5526 obierit
1595 5481 1629 5523 ac
1647 5460 1741 5536 procui
1754 5459 1836 5516 dubio

241 5580 312 5635 «Sic
329 5592 393 5634 sum
407 5575 469 5633 volo
489 5572 853 5650 maneredonecreuiaru.r
869 5568 994 5634 Veniam.
1046 5571 1144 5630 mortis
1162 5568 1225 5641 jura
1253 5560 1514 5639 penetraturum
1538 5558 1619 5614 modo
1643 5552 1738 5611 melias
1753 5564 1835 5655 guam

218 5674 345 5746 :roricus
358 5688 420 5731 erum
434 5672 545 5730 rinrulo
560 5672 653 5729 carnis
670 5667 997 5733 absolvamicnismut
1046 5660 1177 5736 persius
1201 5660 1284 5717 rerba
1311 5655 1383 5716 salet
1405 5652 1525 5728 probari.
1549 5648 1711 5708 cumcuim
1734 5645 1836 5700 exisset
