4100 6209
201 336 252 392 597

889 346 1004 402 8ΕΙΙΙΙο
1026 346 1092 404 xi'tt
1108 354 1155 406 bias

1779 368 1832 424 titt

201 462 281 500 uerno
291 447 447 517 superbiat3
464 450 496 506 de
511 449 587 523 lapsu
601 453 683 509 etiarn
697 465 746 510 stro
766 456 846 512 Petro
861 468 988 528 surgente
1003 455 1025 520 Α
1040 461 1121 519 elatio
1134 465 1249 522 forsitan
1264 453 1405 540 potursset,
1416 487 1477 543 que
1490 474 1564 531 illum
1575 477 1659 534 inuito
1670 480 1830 550 profundius
1903 497 1905 500 ’

203 548 283 591 nemu
292 536 428 608 desperet.

236 626 365 683 licentra
380 669 388 696 ,
403 645 484 700 quam
499 632 662 689 mirabiliter
678 635 818 707 Scriptura
842 637 933 693 divina
945 654 990 693 sn·

201 717 301 785 perbos
310 719 419 788 premit,
428 720 705 795 quaebumileserigit.
715 725 925 796 Unamnanrquc
933 744 989 783 rem

201 814 307 875 gestam
319 807 420 874 retrrlit;
433 819 461 865 et
474 810 582 868 diverso
595 815 674 870 modo
690 818 821 887 superbos
833 818 943 888 quidem
956 821 989 874 ad

201 895 553 968 lrrrrnilitatisformidinem,
564 904 679 961 lronriles
686 921 750 962 aero
756 907 790 962 ad
799 909 990 978 speiddnciam

202 987 350 1044 revocarit.
361 988 550 1048 inaestimabile
563 1010 660 1066 nempe
670 1006 712 1052 est
726 997 778 1054 hoc
792 1013 892 1054 novum
908 1000 990 1054 medi-

200 1080 316 1133 cernenti
327 1093 423 1150 genos,
432 1084 502 1152 quod
513 1100 566 1140 uno
576 1086 724 1157 eodemque
732 1091 827 1145 ordine
836 1091 954 1161 posituro
964 1101 991 1145 et

201 1172 348 1238 premendo
375 1173 495 1229 exsiccat
517 1178 640 1243 tumida,
664 1188 692 1234 et
715 1181 880 1237 sublevando
902 1182 991 1236 inluu-

155 1302 163 1320 ,
201 1259 242 1314 dit
262 1260 320 1332 80
346 1263 462 1319 arentia.
482 1264 521 1321 lie
546 1266 679 1337 nrajornrn
704 1285 821 1342 namque
844 1272 990 1343 nosiapsn

202 1353 310 1419 terruit,
334 1355 381 1409 sed
401 1355 434 1410 de
459 1358 629 1427 reparatione
654 1361 799 1419 roboam.
826 1362 873 1418 Sic
893 1364 991 1433 quippe

200 1455 318 1513 semper,
339 1444 379 1499 sio
395 1461 445 1502 nos
462 1447 560 1503 divina
573 1449 783 1518 dispensationis
803 1453 989 1509 misericordia

200 1543 229 1588 et
249 1536 437 1607 superbientes
459 1540 591 1610 reprimit,
613 1552 642 1597 et
660 1558 694 1597 ne
714 1543 748 1598 ad
774 1544 988 1615 desperationem

200 1639 361 1685 corruamus
375 1628 462 1685 fulcit.
480 1631 660 1690 considerare
677 1633 744 1691 libet
766 1637 836 1692 intra
856 1637 988 1692 munitum

199 1722 295 1792 gratiae
309 1724 397 1778 sinum
417 1735 519 1795 quanto
533 1726 603 1783 licus
617 1730 810 1787 misericordie
825 1731 917 1787 lavore
938 1747 988 1787 nos

1042 566 1185 624 mergeret,
1198 558 1249 613 nisi
1262 575 1323 615 eum
1337 561 1423 617 levior
1435 564 1593 622 tentationis
1606 582 1671 623 aura
1682 569 1828 639 pulsasset.

1042 641 1187 714 Postquam
1202 647 1274 701 enirn
1290 648 1419 706 Dominus
1437 662 1542 710 mentes
1557 668 1663 713 nostras
1678 659 1713 715 arl
1724 651 1830 732 perlec-

1042 730 1142 786 tionem
1161 733 1281 800 roborat,
1298 752 1359 792 mor
1376 740 1509 799 visitando
1526 745 1705 803 tentationum
1730 751 1832 809 aculeis

1041 822 1148 891 probat.
1164 822 1214 890 Qui
1231 836 1259 880 et
1281 830 1435 885 accedendo
1450 833 1531 888 eorda
1556 844 1647 891 nostra
1662 838 1696 893 ad
1717 839 1831 899 virtutes

1042 913 1175 980 provenit,
1191 921 1218 967 et
1234 917 1384 973 recedendo
1400 923 1506 977 concuti
1521 924 1669 981 tentatione
1687 930 1830 998 permittit.

1041 999 1108 1055 llam
1124 1004 1147 1057 si
1163 1014 1224 1078 post
1238 1006 1367 1062 virtutum
1388 1024 1503 1066 munera
1518 1013 1590 1069 nulla
1606 1030 1657 1072 nos
1673 1013 1831 1074 tentationis

1041 1108 1107 1147 aura
1119 1106 1286 1164 concuteret,
1299 1101 1351 1157 boc
1358 1101 1415 1174 jarn
1426 1118 1456 1159 se
1467 1105 1568 1164 babere
1578 1109 1685 1165 animos
1697 1126 1731 1167 ex
1743 1128 1830 1169 seme

1042 1185 1113 1254 tipso
1128 1186 1255 1257 jactaret.
1274 1189 1310 1245 Ut
1326 1206 1391 1264 ergo
1414 1202 1443 1250 et
1470 1195 1606 1253 llrrniertis
1631 1199 1701 1256 dona
1728 1203 1831 1259 utiliter

1042 1273 1141 1332 lrabeat
1153 1285 1181 1333 el
1197 1278 1381 1338 irrlirnritatem
1395 1299 1473 1340 suam
1492 1287 1627 1345 lrurniliter
1643 1305 1830 1364 recognoscat,

1041 1379 1089 1433 per·
1099 1381 1237 1424 accessum
1251 1372 1345 1443 gratiae
1355 1373 1388 1427 ad
1399 1374 1452 1428 ala
1466 1377 1625 1442 sustollitur,
1636 1390 1664 1435 et
1674 1396 1722 1452 per
1736 1379 1828 1441 renes-⁴

1040 1467 1099 1507 snm
1117 1469 1153 1523 qu
1164 1454 1181 1510 d
1199 1456 1301 1529 sitm
1313 1473 1347 1513 ex
1362 1462 1507 1531 semetipso
1522 1464 1668 1521 salubriter
1684 1471 1830 1538 experitur

1040 1541 1116 1609 Quod
1134 1545 1201 1600 berre
1216 1547 1294 1603 nobis
1314 1548 1396 1603 etiam
1412 1564 1445 1604 ex
1465 1551 1576 1606 historia
1599 1567 1683 1609 sacre
1708 1555 1833 1612 lectionis

1031 1634 1173 1700 innuitur,
1186 1651 1239 1706 qna
1252 1636 1380 1695 Salomon
1392 1651 1419 1695 et
1431 1640 1559 1698 divinitus
1573 1644 1712 1714 accepisse
1726 1649 1829 1716 sapien

1041 1722 1104 1776 tiaru
1120 1723 1228 1790 dicitur,
1245 1734 1273 1781 et
1289 1734 1379 1783 tameo
1404 1738 1465 1799 post
1480 1740 1619 1803 acceptam
1635 1735 1757 1790 eamdem
1782 1751 1826 1791 sa·

200 1814 330 1869 eontinet.
343 1814 412 1870 Ecce
422 1817 466 1886 qni
478 1818 547 1873 sede
555 1819 699 1878 virtutibus
710 1822 825 1888 extollit,
835 1838 883 1894 per
894 1824 988 1878 sitiunt
1004 1804 1027 1864 Β
1041 1814 1167 1883 pientiam
1182 1818 1356 1873 mmmmm
1372 1820 1463 1875 ⁸¹i¹5¹¹¹
1476 1820 1597 1892 ΙΙΙΙΙΙΙΙΙΙ8
1609 1825 1757 1892 quastione
1772 1839 1828 1880 ¹¹¹0·

200 1903 234 1958 ad
246 1897 425 1962 bumilitatem
441 1908 520 1964 redit.
534 1911 584 1978 Qui
595 1912 681 1982 gratia
692 1924 810 1983 accepte
822 1914 929 1968 uirtutis
940 1929 987 1968 ex·

202 1995 316 2062 tollitur,
336 2014 390 2054 non
409 1999 507 2071 gladio,
529 2003 587 2067 sed,
609 2013 640 2059 ut
661 2004 698 2059 ita
723 2006 850 2072 dixerim,
873 2006 990 2062 medica·

201 2098 295 2146 mento
309 2089 476 2146 vulneratur.
494 2091 563 2160 Quid
583 2094 656 2149 enirn
672 2095 775 2160 virtus,
798 2097 849 2151 nisi
872 2097 990 2153 medica·

200 2183 342 2236 mentum?
351 2183 383 2237 Et
393 2184 457 2253 qnid
469 2185 575 2251 sitium,
587 2186 640 2241 nisi
655 2187 767 2243 vulnus?
780 2188 848 2255 Quia
863 2203 927 2261 ergo
936 2205 991 2246 nos

200 2271 236 2326 rie
249 2272 447 2330 medicamento
460 2275 558 2333 vulnus
572 2277 696 2344 iacimus,
717 2279 783 2335 lacit
799 2281 869 2335 neus
883 2281 916 2336 de
933 2281 991 2338 rol·

200 2373 268 2413 nere
281 2360 519 2429 medicamentum,
530 2372 559 2417 ut
569 2366 614 2435 qui
625 2366 725 2423 virtute
734 2370 910 2438 percutimur,
925 2370 990 2426 vitio

199 2465 341 2508 curemur.
363 2452 418 2510 llos
436 2442 700 2527 namque'rirtutum
715 2461 785 2515 dona
804 2471 992 2531 retorquemus

200 2541 231 2595 in
243 2558 320 2596 nsum
335 2544 474 2609 tiliorum,
487 2546 533 2602 ilie
547 2547 674 2604 vitiorum
687 2550 757 2603 mala
770 2553 883 2606 assumit
895 2552 922 2607 in
933 2560 992 2607 arte

201 2632 441 2706 rirtnturrr3ntqui
455 2636 636 2692 bumilitatem
650 2641 769 2695 crrrantis
783 2640 909 2712 largimus,
918 2642 992 2698 salu-

200 2732 258 2779 tent
271 2726 429 2781 concedenti
445 2726 663 2799 inseparabiliter
677 2730 839 2787 oaereauns.

240 2813 294 2870 Sed
311 2816 381 2871 inter
394 2817 451 2874 lrmc
465 2819 604 2874 sciendum
619 2828 659 2875 est
675 2819 749 2890 quod
759 2820 881 2891 plerique
903 2822 991 2877 bomi-

200 2917 269 2958 num
280 2917 334 2974 quo
344 2904 370 2960 io
381 2906 475 2961 multis
484 2918 615 2963 corruunt
626 2909 728 2964 arctius
738 2909 865 2981 ligantur,
877 2926 993 2980 eumque

188 3009 253 3052 eos
267 2995 394 3065 antiquus
411 2995 497 3051 bostis
511 3012 545 3053 ex
562 3013 615 3054 nno
629 2998 694 3054 vitio
708 3000 842 3070 percutit,
857 3009 887 3056 ut
903 3002 993 3056 eonci-

201 3083 286 3146 daot,
304 3098 336 3138 er
354 3084 407 3140 alio
421 3101 528 3157 quoque
550 3087 629 3159 ligat,
645 3104 679 3145 ne
694 3098 816 3159 surgant
835 3090 993 3147 consideret

1041 1912 1161 1960 moratur
1173 1905 1236 1978 (ΙΙΙ
1249 1905 1313 1977 liep.
1332 1908 1384 1980 nr).
1399 1908 1460 1965 llos
1483 1912 1555 1966 enirn
1570 1921 1600 1967 ut
1613 1913 1728 1983 gratiam
1748 1923 1830 1970 tanct-

1041 1996 1215 2057 mactationis
1241 2001 1358 2072 accepit,
1382 2013 1518 2059 certamen
1545 2006 1662 2077 turpium
1687 2007 1829 2065 mulierum

1040 2089 1160 2157 pertulit,
1175 2091 1239 2161 quia
1249 2092 1378 2153 nimirum
1397 2109 1478 2165 sepe,
1494 2109 1554 2151 curn
1570 2107 1697 2154 ruentem.
1711 2108 1830 2158 nostram

1041 2163 1177 2233 concessis
1192 2179 1336 2235 virtutibus
1352 2183 1484 2253 respectio
1502 2183 1604 2240 intimae
1619 2186 1752 2246 claritatis
1770 2189 1831 2244 ittu-

1043 2268 1138 2335 minat,
1154 2270 1223 2326 bane
1239 2271 1320 2327 etiarn
1334 2270 1444 2330 lubrice
1468 2275 1647 2347 cogitationes
1663 2281 1783 2345 turbant,
1802 2288 1831 2335 ut

1042 2375 1121 2430 qrrem
1132 2360 1270 2416 sublevata
1281 2361 1402 2432 impenso
1413 2378 1524 2420 munere
1534 2365 1828 2436 perfectionisexaltat,

1042 2452 1124 2506 etiarn
1138 2452 1285 2510 teuerrtooe
1295 2453 1399 2524 pulsata
1414 2455 1478 2525 quid
1493 2457 1529 2511 sit
1542 2457 1670 2512 irruerunt.

1079 2541 1192 2598 Videbat
1210 2544 1419 2604 autemlteatus
1442 2555 1544 2618 martyr
1576 2546 1715 2604 Ursicinus
1734 2563 1830 2607 ornnes

1042 2634 1114 2688 circa
1148 2648 1177 2688 se
1208 2634 1356 2690 crudeliter
1379 2633 1516 2702 irornere,
1555 2637 1589 2694 ad
1620 2633 1827 2710 expugnandum

1042 2721 1141 2778 Claristi
1156 2738 1253 2779 nomen
1270 2724 1491 2783 irrationabiliter
1504 2726 1638 2794 insanire,
1654 2739 1767 2786 structos
1782 2745 1831 2801 per

1043 2812 1159 2884 abrupta
1176 2814 1278 2869 erroris
1295 2814 1321 2869 iu
1333 2815 1515 2886 praecipitium
1529 2819 1650 2886 tendere,
1665 2833 1761 2898 onrnes
1782 2836 1831 2884 tre,-

1044 2903 1134 2958 ritatis
1163 2904 1250 2969 riam,
1281 2906 1389 2966 amissis
1409 2907 1500 2961 cordis
1525 2908 1611 2962 oeulis
1634 2909 1770 2979 ignorare,
1802 2920 1832 2966 et

1045 2990 1146 3050 idcirco
1161 3002 1235 3049 nuta
1249 2996 1410 3065 cogitatione
1424 2997 1558 3066 potuisset
1570 2998 1682 3053 forsitan
1705 2993 1831 3056 arbitrari

1046 3085 1181 3141 neminem
1204 3100 1348 3158 superesse
1364 3088 1410 3158 qui
1423 3088 1480 3144 suis
1491 3090 1593 3144 meritis
1608 3090 1708 3146 valeret
1719 3095 1832 3163 equari.

199 3188 271 3243 crgo
284 3172 366 3229 bono
381 3189 442 3229 cum
461 3190 515 3244 quo
529 3178 684 3232 adversario
702 3177 801 3233 bellum
814 3187 900 3250 gerat,
920 3189 947 3236 et
969 3183 990 3237 si
1004 3156 1029 3221 (ι’
1045 3174 1310 3247 Quapropterdirina
1324 3179 1398 3234 illum
1412 3179 1497 3249 pietas
1510 3181 1607 3236 cadere
1622 3183 1830 3240 odoramentum

198 3261 260 3330 jam
277 3278 307 3319 se
327 3264 353 3318 in
376 3264 468 3336 aliquo
487 3265 629 3336 deliquisse
649 3269 801 3338 perpendit,
821 3268 916 3325 saltem
932 3280 990 3339 post
1046 3265 1140 3333 soluit,
1155 3277 1183 3323 et
1196 3283 1259 3323 mox
1273 3268 1307 3324 de
1320 3278 1427 3323 terrena
1442 3269 1535 3324 militia
1552 3269 1686 3327 bominem
1700 3274 1746 3342 qol
1765 3289 1826 3328 erno

202 3355 313 3425 culpato
339 3357 523 3426 pertimescat,
547 3367 576 3413 ur
599 3359 719 3416 studiose
740 3360 860 3417 vitentur
881 3362 991 3418 vulnera
1044 3352 1161 3429 erigeret
1178 3358 1308 3415 diuinitus
1331 3360 1467 3423 excitarit,
1496 3370 1535 3424 nt,
1560 3361 1629 3416 dunr-
1648 3362 1686 3430 do
1703 3364 1827 3448 seculari

202 3445 304 3516 quibus
330 3448 486 3518 frequenter
508 3450 682 3518 r'rrterlicitur,
706 3453 776 3521 qnod
802 3451 880 3508 valde
901 3469 992 3509 rarum
1024 3451 1125 3511 ,etiam
1151 3451 1246 3506 ordine
1271 3450 1356 3506 molto
1383 3466 1413 3507 se
1437 3450 1576 3507 fortiorem
1600 3462 1627 3508 et
1653 3452 1831 3510 robustiorcni

202 3546 244 3591 cst
263 3547 293 3593 nt
313 3537 400 3595 bostis
413 3550 505 3595 noster
516 3539 663 3596 electorum
676 3541 828 3612 aegritudini
843 3542 925 3597 etiam
937 3541 993 3597 rol·
1045 3547 1178 3605 centcrel,
1192 3540 1226 3594 ad
1241 3541 1454 3611 cognoscendam
1471 3540 1655 3597 infirmitatem
1675 3557 1752 3599 suam
1767 3547 1833 3601 eee'

203 3626 318 3683 neribus
341 3628 488 3685 medeatur.
513 3629 681 3686 Erudiendos
705 3630 777 3685 enim
802 3630 903 3687 electos
929 3647 994 3687 suos
1045 3632 1132 3685 ricem
1156 3630 1247 3686 cordis
1269 3630 1408 3687 humiliter
1431 3631 1581 3686 inclinaret.
1605 3631 1674 3688 llirrc
1695 3637 1829 3705 estquod

206 3720 340 3775 Dominus
353 3736 424 3792 saepe
440 3722 568 3777 tentatori
582 3721 699 3792 subjicit.
715 3721 864 3794 Sicutpost
875 3723 993 3793 paradisi
1045 3723 1136 3787 Elias,
1157 3722 1191 3777 de
1214 3737 1269 3792 qno
1289 3722 1413 3792 superius
1437 3722 1538 3777 dietum
1561 3732 1617 3811 est,
1639 3723 1703 3779 dum
1725 3723 1832 3799 lezabel

200 3810 339 3874 claustra,
356 3819 418 3881 post
435 3812 507 3868 tertii
522 3813 583 3869 coeli
608 3821 722 3877 secreta,
745 3828 779 3869 ne
799 3811 993 3868 revelationum
1046 3800 1155 3868 territus
1168 3812 1283 3884 lugeret,
1295 3824 1322 3869 et
1333 3829 1363 3869 se
1375 3813 1461 3869 solunt
1473 3814 1526 3870 lieo
1547 3829 1582 3871 ea
1594 3817 1721 3873 erunibus
1735 3832 1829 3888 super-

205 3901 395 3969 magnitudine
415 3901 516 3957 Paulus
532 3902 671 3973 apostolus
689 3902 782 3959 extolli
804 3903 948 3971 potuisset,
968 3904 993 3958 ei
1044 3902 1136 3959 stiteru
1149 3904 1307 3968 estimaret,
1320 3902 1432 3958 dicens:
1453 3921 1462 3954 ι
1477 3903 1599 3968 bornine,
1611 3906 1756 3975 propbetas
1768 3915 1833 3961 uros

204 3989 318 4046 &unae
335 3993 447 4062 angelus
463 3971 608 4048 datus'est.
627 3993 698 4049 Eece
718 3993 763 4062 qui
781 3992 899 4064 paradisi
921 3993 995 4064 prius
1045 3993 1216 4059 occiderunt,
1233 3992 1328 4047 abacia
1341 4003 1387 4047 tua
1406 3991 1601 4058 denroiiornrrt,
1616 4003 1644 4047 et
1658 4008 1709 4064 ego
1722 3995 1832 4084 relictus

204 4093 315 4139 secreta
329 4084 492 4149 considerat,
510 4084 545 4140 ad
566 4084 739 4155 semetipsum
765 4084 881 4150 rediens,
900 4094 995 4139 contre
1045 4098 1105 4138 sunt
1129 4083 1214 4148 solus,
1237 4093 1267 4138 er
1285 4092 1409 4153 quaerunt
1432 4083 1549 4138 animam
1574 4099 1661 4140 meam
1686 4081 1746 4158 (ΙΙΙ
1768 4086 1832 4173 lleg.

204 4176 301 4231 carnis
314 4176 412 4231 bellurn
423 4177 539 4244 laborat,
554 4176 638 4249 legem
654 4176 733 4232 aliam
747 4176 775 4232 in
790 4176 918 4231 membris
933 4191 995 4232 sus·
1046 4172 1119 4244 xrs);
1135 4190 1144 4224 r
1166 4181 1194 4226 ut
1210 4171 1355 4227 clationem
1370 4173 1468 4226 meotis
1478 4171 1537 4243 ejus
1557 4174 1716 4242 repriruerer
1740 4174 1833 4231 Durni-

206 4268 288 4332 tinet‚
303 4266 382 4336 eujus
394 4268 539 4323 rebellione
553 4268 659 4339 latigari
680 4263 791 4337 spiritus
804 4265 890 4335 legem
904 4266 994 4322 docet.
1046 4281 1110 4329 nus,
1124 4263 1261 4333 respondit
1275 4264 1367 4318 dicens
1384 4280 1391 4316 ι
1406 4283 1415 4315 ι
1433 4261 1537 4331 Reliqui
1553 4262 1617 4318 nrilri
1633 4273 1736 4334 septem
1751 4266 1834 4322 rniliia

203 4356 275 4412 Post
292 4356 463 4414 donationem
477 4373 543 4427 ergo
556 4359 677 4413 numeris
696 4358 768 4412 Deus
780 4356 916 4411 bonrinenr
931 4371 996 4425 pro·
1046 4354 1177 4416 uirorum,
1191 4353 1235 4421 qui
1258 4368 1311 4406 non
1331 4360 1514 4408 curvaverunt
1535 4368 1621 4422 genua
1633 4369 1682 4409 sua
1695 4364 1758 4410 ante
1772 4355 1835 4411 liaal

204 4446 267 4510 bat,
282 4447 345 4516 quia
364 4456 393 4502 et
413 4447 512 4502 collato
527 4462 639 4502 munere
662 4445 792 4508 subierat,
808 4453 837 4500 et
859 4446 996 4500 abstracto
1051 4432 1163 4513 (liridi.
1182 4460 1191 4492 r
1222 4441 1332 4496 Certum
1345 4440 1444 4509 quippe
1471 4449 1513 4495 est
1535 4442 1607 4509 quod
1633 4443 1723 4498 cordis
1743 4446 1836 4500 orarios

205 4535 359 4606 paululum,
370 4537 457 4606 ipsum
471 4536 521 4591 sibi
533 4537 670 4592 hominem
684 4535 861 4591 demonstrat.
874 4536 951 4604 Quod
965 4550 999 4591 eo
1051 4532 1198 4602 exstinguit
1209 4531 1267 4601 qni,
1285 4545 1345 4586 eum
1359 4539 1432 4585 recte
1454 4531 1523 4600 agit,
1547 4532 1719 4588 considerare
1742 4536 1834 4603 proxi·

205 4639 296 4695 usqne
316 4626 409 4696 procrrl
424 4627 507 4681 dubio
524 4627 651 4696 patimur,
672 4640 736 4696 quo,
760 4625 867 4680 detersa
879 4624 999 4682 luoditns
1050 4637 1154 4676 urorum
1175 4621 1271 4675 urerita
1287 4619 1407 4690 negligit.
1425 4620 1462 4674 At
1481 4629 1593 4686 eontra,
1612 4637 1709 4691 magno
1726 4624 1835 4678 bounii-

205 4718 273 4786 krbe
286 4718 401 4787 peccati,
423 4718 456 4773 ad
476 4718 615 4787 promissae
641 4709 852 4788 incorruptionis
873 4717 999 4772 snbstan-
1051 4712 1114 4767 tatis
1128 4711 1203 4766 radio
1217 4712 1393 4781 semetipsum
1415 4711 1551 4767 illuminat
1564 4712 1611 4783 qui
1631 4714 1744 4769 alienam
1764 4718 1835 4791 burra

205 4807 278 4862 tiatia
289 4806 604 4876 relorrnemrrr.Sedlpsa
617 4806 668 4860 irae
679 4806 827 4861 tentatione
847 4805 999 4875 disponitur
1049 4801 1185 4857 subtiliter
1207 4810 1321 4872 pensat;
1345 4801 1408 4871 quia
1431 4802 1493 4856 dnm
1522 4817 1625 4873 eaquae
1646 4804 1704 4874 ipse
1731 4803 1836 4874 lecerit,

205 4907 241 4952 ιιι
258 4898 305 4967 qui
327 4898 390 4954 elati
407 4899 496 4961 perire
510 4906 645 4968 poterant,
660 4896 794 4952 lnrnriliati
808 4913 824 4951 a
845 4896 999 4967 perditione
1050 4892 1121 4948 lacta
1137 4891 1203 4948 loris
1216 4900 1244 4948 et
1255 4894 1289 4949 ab
1300 4892 1359 4947 aliis
1369 4893 1512 4964 conspicit,
1523 4909 1595 4959 euru,
1610 4895 1657 4966 qni
1670 4898 1703 4951 de
1719 4897 1837 4969 singula·

204 4993 365 5042 serventur.
1053 4985 1133 5039 ritate
1156 4985 1227 5038 intus
1248 4998 1391 5054 erumpere
1403 4985 1516 5049 nititur,
1543 4986 1677 5054 superbire
1699 4995 1836 5047 trrnrorenr¹

188 5042 213 5069 0

249 5077 361 5133 Secreto
382 5092 446 5147 ergo
465 5075 673 5145 dispensationis
686 5075 793 5139 ordine,
809 5077 879 5131 unde
903 5076 999 5132 saevire
1052 5075 1160 5146 premit.
1184 5073 1327 5145 rlleliqrri,
1344 5074 1523 5144 inquit,mibi
1545 5071 1743 5145 septemmillia
1760 5080 1836 5136 riro·
1909 5103 1927 5113 ·
2012 5113 2014 5120 ‹

205 5168 380 5239 permittitur
394 5166 522 5237 iniquitas
533 5164 643 5230 diaboli,
659 5164 721 5220 inde
735 5166 779 5233 pie
796 5165 935 5235 perilritnr
952 5165 998 5220 be·
1053 5182 1123 5246 rnrn,
1146 5165 1192 5235 qui
1211 5181 1263 5219 non
1278 5173 1459 5238 curvaverunt
1473 5180 1559 5234 genua
1579 5180 1628 5221 sua
1652 5178 1715 5222 aute
1733 5166 1834 5235 Baal,r

205 5259 331 5330 n³gnitas
351 5258 409 5312 [tei.
427 5257 677 5325 Quia‘adrersarius
697 5265 788 5312 noster
809 5256 870 5311 inde
896 5257 999 5311 obtent-
1053 5257 1180 5322 nt,durn
1201 5254 1353 5311 nonsolunr
1381 5268 1411 5308 se
1446 5255 1607 5311 remansisse
1638 5269 1835 5328 cognosceret,

204 5358 290 5422 perat
307 5350 417 5405 nutibus
438 5363 561 5419 supernas
578 5348 681 5419 gratie,
707 5349 777 5402 unde
799 5356 908 5402 exercet
932 5347 998 5402 irarn
1052 5348 1175 5404 elationis
1188 5346 1386 5417 gloriamque
1403 5346 1427 5400 ei
1443 5346 1477 5400 de
1497 5345 1682 5416 singularitate
1697 5352 1836 5421 surgebat,

204 5441 385 5510 nequissimae
399 5439 545 5495 roirrntatis
560 5454 625 5494 suae.
641 5437 719 5503 liam,
736 5439 798 5494 duro
818 5439 913 5494 beatus
926 5437 1001 5494 Ursi·
1053 5439 1203 5495 inclinaret.
1226 5437 1358 5506 Propheta
1372 5451 1468 5505 nempe
1483 5447 1541 5492 erat
1553 5477 1562 5502 ,
1574 5446 1602 5492 et
1619 5454 1689 5509 saepe
1708 5444 1835 5512 mysteria

203 5532 292 5586 cinus
306 5539 345 5586 tot
362 5546 412 5602 pro
430 5545 522 5585 amore
538 5529 637 5585 Christi
660 5539 792 5585 tormenta
816 5527 958 5600 perferret,
973 5538 1001 5584 et
1051 5545 1167 5601 superna
1178 5536 1351 5599 cognoverat.
1359 5526 1428 5593 Quid
1436 5541 1502 5599 ergo
1513 5527 1619 5585 difficile
1630 5530 1838 5602 luitaguuseere

205 5627 288 5681 inter
299 5623 449 5681 lacerantes
463 5640 560 5680 manus
571 5624 728 5680 carnibcunr
741 5622 885 5680 immobilis
894 5639 1001 5694 perma-
1053 5625 1079 5679 in
1093 5620 1299 5691 mundusrdeles
1313 5620 1367 5675 beo
1383 5617 1497 5678 larnulos
1516 5630 1544 5674 et
1562 5620 1632 5676 alios
1652 5626 1832 5681 rcnransissei

207 5722 304 5780 neret,
317 5713 456 5785 subripere
470 5714 520 5769 sibi
536 5715 570 5770 de
589 5715 756 5769 tortitudinis
770 5730 825 5770 sue
847 5715 998 5770 constantia
1053 5716 1105 5771 Sed
1119 5713 1181 5770 bine
1194 5713 1308 5768 solerter
1323 5709 1480 5768 intuendum
1493 5720 1535 5767 est
1547 5711 1654 5786 oculum
1665 5716 1754 5790 cordis
1769 5717 1831 5776 ela-
