<?xml version="1.0" encoding="UTF-8"?>
<!DOCTYPE html PUBLIC "-//W3C//DTD XHTML 1.0 Transitional//EN"
    "http://www.w3.org/TR/xhtml1/DTD/xhtml1-transitional.dtd">
<html xmlns="http://www.w3.org/1999/xhtml" xml:lang="en" lang="en">
 <head>
  <title>
</title>
<meta http-equiv="Content-Type" content="text/html;charset=utf-8" />
  <meta name='ocr-system' content='tesseract 3.04.00' />
  <meta name='ocr-capabilities' content='ocr_page ocr_carea ocr_par ocr_line ocrx_word'/>
</head>
<body>
  <div class='ocr_page' id='page_1' title='image "./patrologiaecurs123unkngoog/patrologiaecurs123unkngoog_0026.png"; bbox 0 0 4100 6209; ppageno 0'>
   <div class='ocr_carea' id='block_1_1' title="bbox 148 403 1912 481">
    <p class='ocr_par' dir='ltr' id='par_1_1' title="bbox 148 403 1912 481">
     <span class='ocr_line' id='line_1_1' title="bbox 148 403 1912 481; baseline -0.003 -5"><span class='ocrx_word' id='word_1_1' title='bbox 148 416 192 476; x_wconf 68' lang='lat'>45</span> <span class='ocrx_word' id='word_1_2' title='bbox 597 409 885 474; x_wconf 77' lang='lat' dir='ltr'>Puuuueutturut.</span> <span class='ocrx_word' id='word_1_3' title='bbox 906 444 941 456; x_wconf 96' lang='lat'>-</span> <span class='ocrx_word' id='word_1_4' title='bbox 959 409 1010 471; x_wconf 72' lang='lat' dir='ltr'>[lli</span> <span class='ocrx_word' id='word_1_5' title='bbox 1028 403 1231 473; x_wconf 74' lang='lat' dir='ltr'>resciudat)</span> <span class='ocrx_word' id='word_1_6' title='bbox 1248 413 1466 473; x_wconf 80' lang='lat' dir='ltr'>uuuaubuu.</span> <span class='ocrx_word' id='word_1_7' title='bbox 1876 411 1912 481; x_wconf 75' lang='grc'>46</span> 
     </span>
    </p>
   </div>
   <div class='ocr_carea' id='block_1_2' title="bbox 148 537 1927 5784">
    <p class='ocr_par' dir='ltr' id='par_1_2' title="bbox 148 537 1927 5784">
     <span class='ocr_line' id='line_1_2' title="bbox 149 537 1908 615; baseline -0.001 -11"><span class='ocrx_word' id='word_1_8' title='bbox 149 544 225 604; x_wconf 89' lang='lat' dir='ltr'>libet</span> <span class='ocrx_word' id='word_1_9' title='bbox 250 549 395 601; x_wconf 82' lang='lat' dir='ltr'>conventu</span> <span class='ocrx_word' id='word_1_10' title='bbox 421 539 549 614; x_wconf 83' lang='lat' dir='ltr'>reficitis,</span> <span class='ocrx_word' id='word_1_11' title='bbox 565 540 685 600; x_wconf 89' lang='lat' dir='ltr'>intentis</span> <span class='ocrx_word' id='word_1_12' title='bbox 706 541 743 600; x_wconf 90' lang='lat' dir='ltr'>ad</span> <span class='ocrx_word' id='word_1_13' title='bbox 766 541 866 600; x_wconf 91' lang='lat' dir='ltr'>cibum</span> <span class='ocrx_word' id='word_1_14' title='bbox 890 538 1011 610; x_wconf 83' lang='lat' dir='ltr'>caeteris,</span> <span class='ocrx_word' id='word_1_15' title='bbox 1025 539 1163 603; x_wconf 83' lang='lat' dir='ltr'>Adncare</span> <span class='ocrx_word' id='word_1_16' title='bbox 1185 537 1220 596; x_wconf 93' lang='lat' dir='ltr'>ad</span> <span class='ocrx_word' id='word_1_17' title='bbox 1243 554 1384 610; x_wconf 90' lang='lat' dir='ltr'>mensam,</span> <span class='ocrx_word' id='word_1_18' title='bbox 1408 538 1477 613; x_wconf 92' lang='lat' dir='ltr'>quia</span> <span class='ocrx_word' id='word_1_19' title='bbox 1499 553 1650 613; x_wconf 88' lang='lat' dir='ltr'>nunquam</span> <span class='ocrx_word' id='word_1_20' title='bbox 1680 555 1741 599; x_wconf 90' lang='lat' dir='ltr'>mus</span> <span class='ocrx_word' id='word_1_21' title='bbox 1769 541 1816 600; x_wconf 89' lang='lat' dir='ltr'>bic</span> <span class='ocrx_word' id='word_1_22' title='bbox 1841 545 1908 615; x_wconf 85' lang='lat' dir='ltr'>fuit,</span> 
     </span>
     <span class='ocr_line' id='line_1_3' title="bbox 148 628 1910 707; baseline 0 -15"><span class='ocrx_word' id='word_1_23' title='bbox 148 633 187 692; x_wconf 90' lang='lat' dir='ltr'>in</span> <span class='ocrx_word' id='word_1_24' title='bbox 203 634 265 707; x_wconf 86' lang='lat' dir='ltr'>ipsu</span> <span class='ocrx_word' id='word_1_25' title='bbox 279 633 443 691; x_wconf 88' lang='lat' dir='ltr'>relectionis</span> <span class='ocrx_word' id='word_1_26' title='bbox 457 632 541 691; x_wconf 92' lang='lat' dir='ltr'>initio</span> <span class='ocrx_word' id='word_1_27' title='bbox 556 631 661 705; x_wconf 91' lang='lat' dir='ltr'>parcite</span> <span class='ocrx_word' id='word_1_28' title='bbox 676 649 684 703; x_wconf 81' lang='lat'>3</span> <span class='ocrx_word' id='word_1_29' title='bbox 701 640 807 691; x_wconf 88' lang='lat' dir='ltr'>etcum</span> <span class='ocrx_word' id='word_1_30' title='bbox 819 632 881 706; x_wconf 87' lang='lat' dir='ltr'>jam</span> <span class='ocrx_word' id='word_1_31' title='bbox 901 631 960 690; x_wconf 88' lang='lat' dir='ltr'>illis</span> <span class='ocrx_word' id='word_1_32' title='bbox 976 648 1015 690; x_wconf 82' lang='lat' dir='ltr'>ex</span> <span class='ocrx_word' id='word_1_33' title='bbox 1056 628 1103 686; x_wconf 87' lang='lat' dir='ltr'>rel</span> <span class='ocrx_word' id='word_1_34' title='bbox 1117 634 1228 699; x_wconf 82' lang='lat' dir='ltr'>eaetcra,</span> <span class='ocrx_word' id='word_1_35' title='bbox 1242 644 1309 704; x_wconf 86' lang='lat' dir='ltr'>quae</span> <span class='ocrx_word' id='word_1_36' title='bbox 1322 629 1409 703; x_wconf 85' lang='lat' dir='ltr'>liujus</span> <span class='ocrx_word' id='word_1_37' title='bbox 1425 628 1515 688; x_wconf 84' lang='lat' dir='ltr'>eremi</span> <span class='ocrx_word' id='word_1_38' title='bbox 1529 629 1632 688; x_wconf 89' lang='lat' dir='ltr'>usibus</span> <span class='ocrx_word' id='word_1_39' title='bbox 1649 629 1785 689; x_wconf 84' lang='lat' dir='ltr'>ridentur</span> <span class='ocrx_word' id='word_1_40' title='bbox 1796 642 1910 691; x_wconf 91' lang='lat' dir='ltr'>contra·</span> 
     </span>
     <span class='ocr_line' id='line_1_4' title="bbox 148 714 1912 797; baseline -0.002 -17"><span class='ocrx_word' id='word_1_41' title='bbox 148 731 237 796; x_wconf 81' lang='lat' dir='ltr'>parte</span> <span class='ocrx_word' id='word_1_42' title='bbox 257 722 435 779; x_wconf 79' lang='lat' dir='ltr'>satisfactum</span> <span class='ocrx_word' id='word_1_43' title='bbox 463 720 562 793; x_wconf 87' lang='lat' dir='ltr'>luerit,</span> <span class='ocrx_word' id='word_1_44' title='bbox 583 736 634 779; x_wconf 87' lang='lat' dir='ltr'>ros</span> <span class='ocrx_word' id='word_1_45' title='bbox 658 720 802 793; x_wconf 86' lang='lat' dir='ltr'>inclinate,</span> <span class='ocrx_word' id='word_1_46' title='bbox 820 728 964 797; x_wconf 91' lang='lat' dir='ltr'>quatenus</span> <span class='ocrx_word' id='word_1_47' title='bbox 988 727 1016 779; x_wconf 90' lang='lat' dir='ltr'>et</span> <span class='ocrx_word' id='word_1_48' title='bbox 1056 715 1109 788; x_wconf 88' lang='lat' dir='ltr'>ria,</span> <span class='ocrx_word' id='word_1_49' title='bbox 1123 732 1213 791; x_wconf 86' lang='lat' dir='ltr'>eaque</span> <span class='ocrx_word' id='word_1_50' title='bbox 1231 716 1356 775; x_wconf 83' lang='lat' dir='ltr'>breviter</span> <span class='ocrx_word' id='word_1_51' title='bbox 1370 714 1576 788; x_wconf 79' lang='lat' dir='ltr'>descripsimus</span> <span class='ocrx_word' id='word_1_52' title='bbox 1590 717 1620 774; x_wconf 93' lang='lat' dir='ltr'>in</span> <span class='ocrx_word' id='word_1_53' title='bbox 1637 717 1689 776; x_wconf 87' lang='lat' dir='ltr'>bac</span> <span class='ocrx_word' id='word_1_54' title='bbox 1707 720 1821 792; x_wconf 81' lang='lat' dir='ltr'>pagina,</span> <span class='ocrx_word' id='word_1_55' title='bbox 1837 736 1912 794; x_wconf 82' lang='lat' dir='ltr'>prm·</span> 
     </span>
     <span class='ocr_line' id='line_1_5' title="bbox 149 804 1912 887; baseline -0.001 -18"><span class='ocrx_word' id='word_1_56' title='bbox 149 812 319 887; x_wconf 72' lang='lat' dir='ltr'>hypocrisis</span> <span class='ocrx_word' id='word_1_57' title='bbox 336 820 434 871; x_wconf 90' lang='lat' dir='ltr'>notam</span> <span class='ocrx_word' id='word_1_58' title='bbox 454 811 569 885; x_wconf 89' lang='lat' dir='ltr'>possitis</span> <span class='ocrx_word' id='word_1_59' title='bbox 586 811 718 876; x_wconf 88' lang='lat' dir='ltr'>evadere,</span> <span class='ocrx_word' id='word_1_60' title='bbox 737 818 765 869; x_wconf 91' lang='lat' dir='ltr'>et</span> <span class='ocrx_word' id='word_1_61' title='bbox 788 810 949 870; x_wconf 76' lang='lat' dir='ltr'>sobrietatis</span> <span class='ocrx_word' id='word_1_62' title='bbox 969 827 1014 871; x_wconf 87' lang='lat' dir='ltr'>re·</span> <span class='ocrx_word' id='word_1_63' title='bbox 1057 804 1261 873; x_wconf 69' lang='lat' dir='ltr'>terminantur,</span> <span class='ocrx_word' id='word_1_64' title='bbox 1273 805 1421 877; x_wconf 90' lang='lat' dir='ltr'>quoniam,</span> <span class='ocrx_word' id='word_1_65' title='bbox 1438 812 1469 863; x_wconf 95' lang='lat' dir='ltr'>ut</span> <span class='ocrx_word' id='word_1_66' title='bbox 1483 805 1537 878; x_wconf 91' lang='lat' dir='ltr'>ipsi</span> <span class='ocrx_word' id='word_1_67' title='bbox 1552 805 1666 877; x_wconf 83' lang='lat' dir='ltr'>videtis,</span> <span class='ocrx_word' id='word_1_68' title='bbox 1682 809 1828 880; x_wconf 84' lang='lat' dir='ltr'>praecipua</span> <span class='ocrx_word' id='word_1_69' title='bbox 1841 818 1912 868; x_wconf 90' lang='lat' dir='ltr'>sunt</span> 
     </span>
     <span class='ocr_line' id='line_1_6' title="bbox 149 895 1910 975; baseline 0.007 -16"><span class='ocrx_word' id='word_1_70' title='bbox 149 903 257 975; x_wconf 84' lang='lat' dir='ltr'>gulam</span> <span class='ocrx_word' id='word_1_71' title='bbox 280 902 344 960; x_wconf 91' lang='lat' dir='ltr'>sine</span> <span class='ocrx_word' id='word_1_72' title='bbox 366 901 525 959; x_wconf 79' lang='lat' dir='ltr'>offensione</span> <span class='ocrx_word' id='word_1_73' title='bbox 551 916 675 959; x_wconf 84' lang='lat' dir='ltr'>serrare.</span> <span class='ocrx_word' id='word_1_74' title='bbox 693 921 707 954; x_wconf 78' lang='lat' dir='ltr'>n</span> <span class='ocrx_word' id='word_1_75' title='bbox 723 900 759 957; x_wconf 86' lang='lat' dir='ltr'>Et</span> <span class='ocrx_word' id='word_1_76' title='bbox 774 900 876 959; x_wconf 92' lang='lat' dir='ltr'>eodem</span> <span class='ocrx_word' id='word_1_77' title='bbox 904 900 955 958; x_wconf 91' lang='lat' dir='ltr'>lib.</span> <span class='ocrx_word' id='word_1_78' title='bbox 972 913 1015 973; x_wconf 83' lang='lat' dir='ltr'>vr,</span> <span class='ocrx_word' id='word_1_79' title='bbox 1056 895 1129 966; x_wconf 88' lang='lat' dir='ltr'>baec,</span> <span class='ocrx_word' id='word_1_80' title='bbox 1149 902 1175 952; x_wconf 72' lang='lat'>01</span> <span class='ocrx_word' id='word_1_81' title='bbox 1200 895 1340 966; x_wconf 65' lang='lat' dir='ltr'>³lC110ffl3</span> <span class='ocrx_word' id='word_1_82' title='bbox 1356 903 1443 968; x_wconf 61' lang='lat' dir='ltr'>illue</span> <span class='ocrx_word' id='word_1_83' title='bbox 1462 895 1491 952; x_wconf 73' lang='lat' dir='ltr'>ln</span> <span class='ocrx_word' id='word_1_84' title='bbox 1512 896 1565 953; x_wconf 65' lang='lat'>¹¹³⁰</span> <span class='ocrx_word' id='word_1_85' title='bbox 1588 912 1685 954; x_wconf 70' lang='lat' dir='ltr'>0l0ffl0</span> <span class='ocrx_word' id='word_1_86' title='bbox 1703 899 1838 971; x_wconf 89' lang='lat' dir='ltr'>primitus</span> <span class='ocrx_word' id='word_1_87' title='bbox 1857 902 1910 960; x_wconf 79' lang='lat' dir='ltr'>Ob·</span> 
     </span>
     <span class='ocr_line' id='line_1_7' title="bbox 151 982 1910 1069; baseline -0.003 -17"><span class='ocrx_word' id='word_1_88' title='bbox 151 995 241 1069; x_wconf 85' lang='lat' dir='ltr'>epist.</span> <span class='ocrx_word' id='word_1_89' title='bbox 257 993 301 1062; x_wconf 83' lang='lat'>30,</span> <span class='ocrx_word' id='word_1_90' title='bbox 318 993 354 1051; x_wconf 85' lang='lat' dir='ltr'>ad</span> <span class='ocrx_word' id='word_1_91' title='bbox 368 993 555 1051; x_wconf 72' lang='lat' dir='ltr'>&#39;theuzonem</span> <span class='ocrx_word' id='word_1_92' title='bbox 569 990 729 1061; x_wconf 89' lang='lat' dir='ltr'>cremitam,</span> <span class='ocrx_word' id='word_1_93' title='bbox 744 1000 841 1050; x_wconf 91' lang='lat' dir='ltr'>narrat</span> <span class='ocrx_word' id='word_1_94' title='bbox 855 990 1017 1050; x_wconf 90' lang='lat' dir='ltr'>rationibus</span> <span class='ocrx_word' id='word_1_95' title='bbox 1056 992 1168 1042; x_wconf 80' lang='lat' dir='ltr'>serrata</span> <span class='ocrx_word' id='word_1_96' title='bbox 1187 999 1273 1056; x_wconf 93' lang='lat' dir='ltr'>quam</span> <span class='ocrx_word' id='word_1_97' title='bbox 1290 982 1352 1056; x_wconf 92' lang='lat' dir='ltr'>ipsa</span> <span class='ocrx_word' id='word_1_98' title='bbox 1365 982 1475 1056; x_wconf 86' lang='lat' dir='ltr'>Regula</span> <span class='ocrx_word' id='word_1_99' title='bbox 1496 984 1584 1041; x_wconf 90' lang='lat' dir='ltr'>luisse</span> <span class='ocrx_word' id='word_1_100' title='bbox 1600 984 1751 1060; x_wconf 87' lang='lat' dir='ltr'>descripta.</span> <span class='ocrx_word' id='word_1_101' title='bbox 1769 988 1824 1047; x_wconf 83' lang='lat' dir='ltr'>Sed</span> <span class='ocrx_word' id='word_1_102' title='bbox 1841 989 1910 1047; x_wconf 91' lang='lat' dir='ltr'>reli·</span> 
     </span>
     <span class='ocr_line' id='line_1_8' title="bbox 150 1072 1908 1157; baseline -0.003 -18"><span class='ocrx_word' id='word_1_103' title='bbox 150 1083 291 1157; x_wconf 82' lang='lat' dir='ltr'>sepositis</span> <span class='ocrx_word' id='word_1_104' title='bbox 305 1082 341 1140; x_wconf 89' lang='lat' dir='ltr'>ad</span> <span class='ocrx_word' id='word_1_105' title='bbox 357 1083 557 1141; x_wconf 89' lang='lat' dir='ltr'>auctoritatem</span> <span class='ocrx_word' id='word_1_106' title='bbox 572 1078 602 1139; x_wconf 89' lang='lat' dir='ltr'>S.</span> <span class='ocrx_word' id='word_1_107' title='bbox 620 1079 775 1138; x_wconf 88' lang='lat' dir='ltr'>Romualdi</span> <span class='ocrx_word' id='word_1_108' title='bbox 794 1095 825 1137; x_wconf 91' lang='lat' dir='ltr'>se</span> <span class='ocrx_word' id='word_1_109' title='bbox 842 1079 1015 1151; x_wconf 78' lang='lat' dir='ltr'>confugisse,</span> <span class='ocrx_word' id='word_1_110' title='bbox 1056 1089 1114 1147; x_wconf 89' lang='lat' dir='ltr'>qua</span> <span class='ocrx_word' id='word_1_111' title='bbox 1138 1073 1247 1143; x_wconf 83' lang='lat' dir='ltr'>omnia,</span> <span class='ocrx_word' id='word_1_112' title='bbox 1263 1087 1329 1147; x_wconf 70' lang='lat' dir='ltr'>quae</span> <span class='ocrx_word' id='word_1_113' title='bbox 1352 1072 1442 1144; x_wconf 83' lang='lat' dir='ltr'>hujus</span> <span class='ocrx_word' id='word_1_114' title='bbox 1466 1072 1553 1130; x_wconf 88' lang='lat' dir='ltr'>eremi</span> <span class='ocrx_word' id='word_1_115' title='bbox 1574 1073 1677 1132; x_wconf 85' lang='lat' dir='ltr'>usibus</span> <span class='ocrx_word' id='word_1_116' title='bbox 1695 1077 1908 1150; x_wconf 72' lang='lat' dir='ltr'>«mucculentis,</span> 
     </span>
     <span class='ocr_line' id='line_1_9' title="bbox 151 1159 1910 1242; baseline 0.005 -26"><span class='ocrx_word' id='word_1_117' title='bbox 151 1181 187 1231; x_wconf 90' lang='lat' dir='ltr'>ut</span> <span class='ocrx_word' id='word_1_118' title='bbox 217 1173 365 1230; x_wconf 71' lang='lat' dir='ltr'>inruptum</span> <span class='ocrx_word' id='word_1_119' title='bbox 391 1171 536 1230; x_wconf 67' lang='lat' dir='ltr'>evanuerat</span> <span class='ocrx_word' id='word_1_120' title='bbox 553 1189 559 1228; x_wconf 93' lang='lat'>:</span> <span class='ocrx_word' id='word_1_121' title='bbox 584 1168 754 1240; x_wconf 72' lang='lat' dir='ltr'>«Tandem,</span> <span class='ocrx_word' id='word_1_122' title='bbox 771 1169 875 1242; x_wconf 93' lang='lat' dir='ltr'>inquit,</span> <span class='ocrx_word' id='word_1_123' title='bbox 889 1185 958 1228; x_wconf 93' lang='lat' dir='ltr'>cum</span> <span class='ocrx_word' id='word_1_124' title='bbox 984 1168 1016 1226; x_wconf 90' lang='lat' dir='ltr'>in</span> <span class='ocrx_word' id='word_1_125' title='bbox 1056 1168 1085 1220; x_wconf 87' lang='lat' dir='ltr'>et</span> <span class='ocrx_word' id='word_1_126' title='bbox 1098 1162 1217 1233; x_wconf 91' lang='lat' dir='ltr'>similia,</span> <span class='ocrx_word' id='word_1_127' title='bbox 1229 1168 1258 1218; x_wconf 90' lang='lat' dir='ltr'>et</span> <span class='ocrx_word' id='word_1_128' title='bbox 1274 1159 1398 1234; x_wconf 73' lang='lat' dir='ltr'>qualiter</span> <span class='ocrx_word' id='word_1_129' title='bbox 1419 1161 1500 1219; x_wconf 90' lang='lat' dir='ltr'>docet</span> <span class='ocrx_word' id='word_1_130' title='bbox 1514 1177 1566 1219; x_wconf 90' lang='lat' dir='ltr'>nos</span> <span class='ocrx_word' id='word_1_131' title='bbox 1581 1162 1611 1220; x_wconf 90' lang='lat' dir='ltr'>in</span> <span class='ocrx_word' id='word_1_132' title='bbox 1632 1161 1746 1228; x_wconf 85' lang='lat' dir='ltr'>cellula,</span> <span class='ocrx_word' id='word_1_133' title='bbox 1761 1173 1789 1222; x_wconf 86' lang='lat' dir='ltr'>ct</span> <span class='ocrx_word' id='word_1_134' title='bbox 1803 1166 1910 1225; x_wconf 84' lang='lat' dir='ltr'>doloris</span> 
     </span>
     <span class='ocr_line' id='line_1_10' title="bbox 151 1250 1911 1335; baseline 0 -20"><span class='ocrx_word' id='word_1_135' title='bbox 151 1269 239 1321; x_wconf 84' lang='lat' dir='ltr'>arcto</span> <span class='ocrx_word' id='word_1_136' title='bbox 265 1260 365 1334; x_wconf 82' lang='lat' dir='ltr'>positi,</span> <span class='ocrx_word' id='word_1_137' title='bbox 390 1258 597 1333; x_wconf 83' lang='lat' dir='ltr'>multiplicium</span> <span class='ocrx_word' id='word_1_138' title='bbox 622 1259 818 1335; x_wconf 77' lang='lat' dir='ltr'>objectionum</span> <span class='ocrx_word' id='word_1_139' title='bbox 842 1259 1017 1318; x_wconf 86' lang='lat' dir='ltr'>vallaremur</span> <span class='ocrx_word' id='word_1_140' title='bbox 1056 1267 1235 1325; x_wconf 86' lang='lat' dir='ltr'>permanere,</span> <span class='ocrx_word' id='word_1_141' title='bbox 1249 1267 1301 1310; x_wconf 90' lang='lat' dir='ltr'>nec</span> <span class='ocrx_word' id='word_1_142' title='bbox 1315 1266 1373 1308; x_wconf 91' lang='lat' dir='ltr'>nou</span> <span class='ocrx_word' id='word_1_143' title='bbox 1388 1250 1469 1308; x_wconf 92' lang='lat' dir='ltr'>intus</span> <span class='ocrx_word' id='word_1_144' title='bbox 1485 1251 1625 1318; x_wconf 88' lang='lat' dir='ltr'>resistere,</span> <span class='ocrx_word' id='word_1_145' title='bbox 1638 1260 1666 1310; x_wconf 91' lang='lat' dir='ltr'>et</span> <span class='ocrx_word' id='word_1_146' title='bbox 1680 1255 1801 1312; x_wconf 88' lang='lat' dir='ltr'>virtutes</span> <span class='ocrx_word' id='word_1_147' title='bbox 1814 1257 1911 1329; x_wconf 88' lang='lat' dir='ltr'>arqui·</span> 
     </span>
     <span class='ocr_line' id='line_1_11' title="bbox 151 1337 1908 1422; baseline 0.004 -14"><span class='ocrx_word' id='word_1_148' title='bbox 151 1348 311 1422; x_wconf 85' lang='lat' dir='ltr'>angustiis,</span> <span class='ocrx_word' id='word_1_149' title='bbox 325 1349 377 1408; x_wconf 90' lang='lat' dir='ltr'>ubi</span> <span class='ocrx_word' id='word_1_150' title='bbox 400 1348 589 1407; x_wconf 88' lang='lat' dir='ltr'>ratiocinandi</span> <span class='ocrx_word' id='word_1_151' title='bbox 608 1348 689 1421; x_wconf 82' lang='lat' dir='ltr'>mpla</span> <span class='ocrx_word' id='word_1_152' title='bbox 703 1355 853 1421; x_wconf 85' lang='lat' dir='ltr'>suppetere</span> <span class='ocrx_word' id='word_1_153' title='bbox 870 1347 964 1417; x_wconf 86' lang='lat' dir='ltr'>desiit,</span> <span class='ocrx_word' id='word_1_154' title='bbox 980 1345 1017 1404; x_wconf 88' lang='lat' dir='ltr'>ad</span> <span class='ocrx_word' id='word_1_155' title='bbox 1057 1355 1129 1410; x_wconf 72' lang='lat' dir='ltr'>rete,</span> <span class='ocrx_word' id='word_1_156' title='bbox 1143 1347 1171 1397; x_wconf 71' lang='lat' dir='ltr'>el</span> <span class='ocrx_word' id='word_1_157' title='bbox 1197 1339 1399 1398; x_wconf 67' lang='lat' dir='ltr'>d180s0110ss0ffl</span> <span class='ocrx_word' id='word_1_158' title='bbox 1423 1337 1453 1396; x_wconf 70' lang='lat' dir='ltr'>lss</span> <span class='ocrx_word' id='word_1_159' title='bbox 1478 1338 1616 1398; x_wconf 65' lang='lat' dir='ltr'>Omnibus</span> <span class='ocrx_word' id='word_1_160' title='bbox 1638 1356 1752 1414; x_wconf 87' lang='lat' dir='ltr'>semper</span> <span class='ocrx_word' id='word_1_161' title='bbox 1775 1342 1908 1415; x_wconf 87' lang='lat' dir='ltr'>retinere,</span> 
     </span>
     <span class='ocr_line' id='line_1_12' title="bbox 152 1426 1910 1511; baseline -0.001 -19"><span class='ocrx_word' id='word_1_162' title='bbox 152 1444 327 1496; x_wconf 88' lang='lat' dir='ltr'>sanctornm</span> <span class='ocrx_word' id='word_1_163' title='bbox 345 1453 416 1497; x_wconf 79' lang='lat' dir='ltr'>mor</span> <span class='ocrx_word' id='word_1_164' title='bbox 436 1437 571 1511; x_wconf 82' lang='lat' dir='ltr'>exempla</span> <span class='ocrx_word' id='word_1_165' title='bbox 583 1436 779 1509; x_wconf 84' lang='lat' dir='ltr'>contegimus,</span> <span class='ocrx_word' id='word_1_166' title='bbox 795 1443 826 1493; x_wconf 92' lang='lat' dir='ltr'>ut</span> <span class='ocrx_word' id='word_1_167' title='bbox 841 1433 900 1492; x_wconf 91' lang='lat' dir='ltr'>illis</span> <span class='ocrx_word' id='word_1_168' title='bbox 914 1434 1014 1493; x_wconf 89' lang='lat' dir='ltr'>saltem</span> <span class='ocrx_word' id='word_1_169' title='bbox 1057 1427 1195 1487; x_wconf 91' lang='lat' dir='ltr'>debemus</span> <span class='ocrx_word' id='word_1_170' title='bbox 1219 1427 1336 1501; x_wconf 75' lang='lat' dir='ltr'>iugiter,</span> <span class='ocrx_word' id='word_1_171' title='bbox 1362 1426 1475 1485; x_wconf 75' lang='lat' dir='ltr'>Christo</span> <span class='ocrx_word' id='word_1_172' title='bbox 1500 1427 1666 1500; x_wconf 87' lang='lat' dir='ltr'>adjurante,</span> <span class='ocrx_word' id='word_1_173' title='bbox 1691 1428 1853 1500; x_wconf 82' lang='lat' dir='ltr'>observare,</span> <span class='ocrx_word' id='word_1_174' title='bbox 1882 1441 1910 1496; x_wconf 87' lang='lat' dir='ltr'>et</span> 
     </span>
     <span class='ocr_line' id='line_1_13' title="bbox 150 1515 1908 1598; baseline -0.003 -15"><span class='ocrx_word' id='word_1_175' title='bbox 150 1526 232 1584; x_wconf 86' lang='lat' dir='ltr'>fides</span> <span class='ocrx_word' id='word_1_176' title='bbox 254 1527 411 1596; x_wconf 81' lang='lat' dir='ltr'>habeatur,</span> <span class='ocrx_word' id='word_1_177' title='bbox 426 1541 553 1598; x_wconf 91' lang='lat' dir='ltr'>quorum</span> <span class='ocrx_word' id='word_1_178' title='bbox 576 1524 730 1583; x_wconf 90' lang='lat' dir='ltr'>auctoritas</span> <span class='ocrx_word' id='word_1_179' title='bbox 755 1525 790 1583; x_wconf 91' lang='lat' dir='ltr'>ad</span> <span class='ocrx_word' id='word_1_180' title='bbox 817 1522 1016 1597; x_wconf 91' lang='lat' dir='ltr'>probationem</span> <span class='ocrx_word' id='word_1_181' title='bbox 1057 1532 1209 1591; x_wconf 91' lang='lat' dir='ltr'>uunquam</span> <span class='ocrx_word' id='word_1_182' title='bbox 1242 1516 1271 1575; x_wconf 87' lang='lat' dir='ltr'>S.</span> <span class='ocrx_word' id='word_1_183' title='bbox 1300 1515 1454 1576; x_wconf 87' lang='lat' dir='ltr'>Romualdi</span> <span class='ocrx_word' id='word_1_184' title='bbox 1485 1521 1514 1573; x_wconf 87' lang='lat' dir='ltr'>et</span> <span class='ocrx_word' id='word_1_185' title='bbox 1541 1524 1712 1576; x_wconf 84' lang='lat' dir='ltr'>caetercrum</span> <span class='ocrx_word' id='word_1_186' title='bbox 1745 1529 1908 1581; x_wconf 87' lang='lat' dir='ltr'>nostrorum</span> 
     </span>
     <span class='ocr_line' id='line_1_14' title="bbox 151 1605 1722 1692; baseline -0.007 -16"><span class='ocrx_word' id='word_1_187' title='bbox 151 1618 360 1691; x_wconf 76' lang='lat' dir='ltr'>cuiuscunque</span> <span class='ocrx_word' id='word_1_188' title='bbox 373 1617 480 1692; x_wconf 88' lang='lat' dir='ltr'>negotii</span> <span class='ocrx_word' id='word_1_189' title='bbox 491 1617 692 1676; x_wconf 90' lang='lat' dir='ltr'>incunctanter</span> <span class='ocrx_word' id='word_1_190' title='bbox 700 1614 872 1674; x_wconf 88' lang='lat' dir='ltr'>admittitur.</span> <span class='ocrx_word' id='word_1_191' title='bbox 884 1613 1016 1688; x_wconf 78' lang='lat' dir='ltr'>Cumque</span> <span class='ocrx_word' id='word_1_192' title='bbox 1056 1615 1268 1665; x_wconf 64' lang='lat' dir='ltr'>anteessorum</span> <span class='ocrx_word' id='word_1_193' title='bbox 1284 1607 1364 1680; x_wconf 94' lang='lat' dir='ltr'>pium</span> <span class='ocrx_word' id='word_1_194' title='bbox 1378 1621 1466 1663; x_wconf 83' lang='lat' dir='ltr'>usum</span> <span class='ocrx_word' id='word_1_195' title='bbox 1480 1605 1691 1680; x_wconf 80' lang='lat' dir='ltr'>derelinquere.</span> <span class='ocrx_word' id='word_1_196' title='bbox 1709 1634 1722 1656; x_wconf 86' lang='lat'><strong>»</strong></span> 
     </span>
     <span class='ocr_line' id='line_1_15' title="bbox 152 1693 1909 1777; baseline 0.005 -16"><span class='ocrx_word' id='word_1_197' title='bbox 152 1718 248 1776; x_wconf 87' lang='lat' dir='ltr'>super</span> <span class='ocrx_word' id='word_1_198' title='bbox 273 1702 398 1777; x_wconf 89' lang='lat' dir='ltr'>quodam</span> <span class='ocrx_word' id='word_1_199' title='bbox 422 1702 635 1775; x_wconf 83' lang='lat' dir='ltr'>disceptationis</span> <span class='ocrx_word' id='word_1_200' title='bbox 653 1702 774 1761; x_wconf 88' lang='lat' dir='ltr'>articulo</span> <span class='ocrx_word' id='word_1_201' title='bbox 790 1701 819 1761; x_wconf 91' lang='lat' dir='ltr'>S.</span> <span class='ocrx_word' id='word_1_202' title='bbox 835 1700 1016 1761; x_wconf 86' lang='lat' dir='ltr'>Romualdus</span> <span class='ocrx_word' id='word_1_203' title='bbox 1092 1693 1141 1753; x_wconf 84' lang='lat' dir='ltr'>VI·</span> <span class='ocrx_word' id='word_1_204' title='bbox 1159 1694 1316 1752; x_wconf 68' lang='lat' dir='ltr'>Essisslleffl</span> <span class='ocrx_word' id='word_1_205' title='bbox 1339 1694 1414 1751; x_wconf 72' lang='lat' dir='ltr'>¹¹³⁰ss</span> <span class='ocrx_word' id='word_1_206' title='bbox 1440 1713 1453 1746; x_wconf 75' lang='lat' dir='ltr'>t</span> <span class='ocrx_word' id='word_1_207' title='bbox 1480 1695 1658 1752; x_wconf 65' lang='lat' dir='ltr'>elsstlllllfflffi</span> <span class='ocrx_word' id='word_1_208' title='bbox 1679 1697 1820 1768; x_wconf 66' lang='lat' dir='ltr'>legulam,</span> <span class='ocrx_word' id='word_1_209' title='bbox 1837 1721 1851 1751; x_wconf 76' lang='lat' dir='ltr'>p</span> <span class='ocrx_word' id='word_1_210' title='bbox 1874 1700 1909 1758; x_wconf 66' lang='lat' dir='ltr'>dt</span> 
     </span>
     <span class='ocr_line' id='line_1_16' title="bbox 154 1781 1908 1862; baseline 0.003 -23"><span class='ocrx_word' id='word_1_211' title='bbox 154 1791 188 1848; x_wconf 84' lang='lat' dir='ltr'>ju</span> <span class='ocrx_word' id='word_1_212' title='bbox 208 1791 407 1849; x_wconf 73' lang='lat' dir='ltr'>testimouium</span> <span class='ocrx_word' id='word_1_213' title='bbox 420 1789 583 1862; x_wconf 71' lang='lat' dir='ltr'>duceretur,</span> <span class='ocrx_word' id='word_1_214' title='bbox 602 1812 612 1842; x_wconf 76' lang='grc' dir='ltr'><strong>ι</strong></span> <span class='ocrx_word' id='word_1_215' title='bbox 629 1797 684 1850; x_wconf 77' lang='lat' dir='ltr'>arc.</span> <span class='ocrx_word' id='word_1_216' title='bbox 1057 1800 1115 1859; x_wconf 93' lang='lat' dir='ltr'>qua</span> <span class='ocrx_word' id='word_1_217' title='bbox 1124 1783 1300 1856; x_wconf 84' lang='lat' dir='ltr'>ilodulpbus</span> <span class='ocrx_word' id='word_1_218' title='bbox 1320 1781 1458 1856; x_wconf 91' lang='lat' dir='ltr'>loquitur,</span> <span class='ocrx_word' id='word_1_219' title='bbox 1473 1781 1559 1840; x_wconf 91' lang='lat' dir='ltr'>aliam</span> <span class='ocrx_word' id='word_1_220' title='bbox 1579 1799 1641 1841; x_wconf 88' lang='lat' dir='ltr'>esse</span> <span class='ocrx_word' id='word_1_221' title='bbox 1656 1800 1716 1842; x_wconf 90' lang='lat' dir='ltr'>nen</span> <span class='ocrx_word' id='word_1_222' title='bbox 1728 1801 1820 1858; x_wconf 89' lang='lat' dir='ltr'>posse,</span> <span class='ocrx_word' id='word_1_223' title='bbox 1833 1803 1908 1861; x_wconf 74' lang='lat' dir='ltr'>prae-</span> 
     </span>
     <span class='ocr_line' id='line_1_17' title="bbox 193 1873 1911 1959; baseline -0.003 -21"><span class='ocrx_word' id='word_1_224' title='bbox 193 1878 246 1938; x_wconf 80' lang='lat' dir='ltr'>tv.</span> <span class='ocrx_word' id='word_1_225' title='bbox 265 1877 398 1938; x_wconf 79' lang='lat' dir='ltr'>Vicissim</span> <span class='ocrx_word' id='word_1_226' title='bbox 426 1895 494 1938; x_wconf 83' lang='lat' dir='ltr'>rero</span> <span class='ocrx_word' id='word_1_227' title='bbox 515 1879 649 1938; x_wconf 86' lang='lat' dir='ltr'>Damiani</span> <span class='ocrx_word' id='word_1_228' title='bbox 671 1880 826 1939; x_wconf 91' lang='lat' dir='ltr'>auctoritas</span> <span class='ocrx_word' id='word_1_229' title='bbox 844 1880 874 1939; x_wconf 94' lang='lat' dir='ltr'>in</span> <span class='ocrx_word' id='word_1_230' title='bbox 898 1878 1046 1959; x_wconf 77' lang='lat' dir='ltr'>Camal-13</span> <span class='ocrx_word' id='word_1_231' title='bbox 1059 1880 1101 1932; x_wconf 90' lang='lat' dir='ltr'>ter</span> <span class='ocrx_word' id='word_1_232' title='bbox 1122 1874 1207 1954; x_wconf 18' lang='lat' dir='ltr'>‘illam</span> <span class='ocrx_word' id='word_1_233' title='bbox 1223 1873 1299 1931; x_wconf 86' lang='lat' dir='ltr'>Petri</span> <span class='ocrx_word' id='word_1_234' title='bbox 1318 1873 1462 1944; x_wconf 88' lang='lat' dir='ltr'>Damiani,</span> <span class='ocrx_word' id='word_1_235' title='bbox 1477 1888 1565 1947; x_wconf 91' lang='lat' dir='ltr'>quam</span> <span class='ocrx_word' id='word_1_236' title='bbox 1586 1873 1695 1933; x_wconf 90' lang='lat' dir='ltr'>Paulus</span> <span class='ocrx_word' id='word_1_237' title='bbox 1725 1876 1911 1938; x_wconf 82' lang='lat' dir='ltr'>lastinianus</span> 
     </span>
     <span class='ocr_line' id='line_1_18' title="bbox 154 1961 1912 2041; baseline -0.001 -15"><span class='ocrx_word' id='word_1_238' title='bbox 154 1968 330 2027; x_wconf 84' lang='lat' dir='ltr'>dolensium</span> <span class='ocrx_word' id='word_1_239' title='bbox 352 1968 465 2026; x_wconf 89' lang='lat' dir='ltr'>statutis</span> <span class='ocrx_word' id='word_1_240' title='bbox 487 1969 595 2041; x_wconf 86' lang='lat' dir='ltr'>saepius</span> <span class='ocrx_word' id='word_1_241' title='bbox 613 1967 774 2028; x_wconf 86' lang='lat' dir='ltr'>invocatur.</span> <span class='ocrx_word' id='word_1_242' title='bbox 792 1969 840 2029; x_wconf 87' lang='lat' dir='ltr'>Sic</span> <span class='ocrx_word' id='word_1_243' title='bbox 857 1970 889 2028; x_wconf 92' lang='lat' dir='ltr'>in</span> <span class='ocrx_word' id='word_1_244' title='bbox 908 1967 1016 2027; x_wconf 90' lang='lat' dir='ltr'>consti·</span> <span class='ocrx_word' id='word_1_245' title='bbox 1058 1969 1122 2037; x_wconf 90' lang='lat' dir='ltr'>post</span> <span class='ocrx_word' id='word_1_246' title='bbox 1143 1961 1361 2020; x_wconf 86' lang='lat' dir='ltr'>constitutiones</span> <span class='ocrx_word' id='word_1_247' title='bbox 1382 1977 1450 2020; x_wconf 90' lang='lat' dir='ltr'>suas</span> <span class='ocrx_word' id='word_1_248' title='bbox 1468 1961 1611 2021; x_wconf 91' lang='lat' dir='ltr'>edendam</span> <span class='ocrx_word' id='word_1_249' title='bbox 1629 1965 1751 2035; x_wconf 84' lang='lat' dir='ltr'>censuit,</span> <span class='ocrx_word' id='word_1_250' title='bbox 1766 1966 1912 2039; x_wconf 74' lang='lat' dir='ltr'>colligitur</span> 
     </span>
     <span class='ocr_line' id='line_1_19' title="bbox 158 2049 1914 2133; baseline 0 -17"><span class='ocrx_word' id='word_1_251' title='bbox 158 2059 283 2126; x_wconf 89' lang='lat' dir='ltr'>tutione,</span> <span class='ocrx_word' id='word_1_252' title='bbox 300 2074 389 2131; x_wconf 91' lang='lat' dir='ltr'>quam</span> <span class='ocrx_word' id='word_1_253' title='bbox 409 2057 544 2117; x_wconf 87' lang='lat' dir='ltr'>Placidus</span> <span class='ocrx_word' id='word_1_254' title='bbox 569 2059 660 2116; x_wconf 91' lang='lat' dir='ltr'>eremi</span> <span class='ocrx_word' id='word_1_255' title='bbox 680 2059 909 2118; x_wconf 66' lang='lat' dir='ltr'>camaldulensis</span> <span class='ocrx_word' id='word_1_256' title='bbox 927 2057 1016 2133; x_wconf 92' lang='lat' dir='ltr'>prior,</span> <span class='ocrx_word' id='word_1_257' title='bbox 1059 2053 1164 2127; x_wconf 89' lang='lat' dir='ltr'>prime,</span> <span class='ocrx_word' id='word_1_258' title='bbox 1180 2051 1251 2125; x_wconf 92' lang='lat' dir='ltr'>quia</span> <span class='ocrx_word' id='word_1_259' title='bbox 1269 2051 1320 2109; x_wconf 91' lang='lat' dir='ltr'>illa</span> <span class='ocrx_word' id='word_1_260' title='bbox 1339 2049 1399 2124; x_wconf 88' lang='lat' dir='ltr'>ipsa</span> <span class='ocrx_word' id='word_1_261' title='bbox 1415 2057 1467 2123; x_wconf 91' lang='lat' dir='ltr'>cst,</span> <span class='ocrx_word' id='word_1_262' title='bbox 1482 2066 1549 2124; x_wconf 82' lang='lat' dir='ltr'>quae</span> <span class='ocrx_word' id='word_1_263' title='bbox 1570 2074 1583 2105; x_wconf 74' lang='lat' dir='ltr'>r</span> <span class='ocrx_word' id='word_1_264' title='bbox 1603 2051 1639 2110; x_wconf 90' lang='lat' dir='ltr'>de</span> <span class='ocrx_word' id='word_1_265' title='bbox 1658 2051 1789 2113; x_wconf 89' lang='lat' dir='ltr'>lancibus</span> <span class='ocrx_word' id='word_1_266' title='bbox 1808 2057 1914 2116; x_wconf 88' lang='lat' dir='ltr'>baben·</span> 
     </span>
     <span class='ocr_line' id='line_1_20' title="bbox 159 2142 1913 2222; baseline 0.001 -16"><span class='ocrx_word' id='word_1_267' title='bbox 159 2155 193 2206; x_wconf 92' lang='lat' dir='ltr'>et</span> <span class='ocrx_word' id='word_1_268' title='bbox 217 2147 360 2205; x_wconf 88' lang='lat' dir='ltr'>lllartiuus</span> <span class='ocrx_word' id='word_1_269' title='bbox 388 2147 518 2221; x_wconf 74' lang='lat' dir='ltr'>eiusdem</span> <span class='ocrx_word' id='word_1_270' title='bbox 549 2149 639 2206; x_wconf 89' lang='lat' dir='ltr'>eremi</span> <span class='ocrx_word' id='word_1_271' title='bbox 667 2149 808 2222; x_wconf 85' lang='lat' dir='ltr'>provisor,</span> <span class='ocrx_word' id='word_1_272' title='bbox 835 2149 923 2206; x_wconf 84' lang='lat' dir='ltr'>unice</span> <span class='ocrx_word' id='word_1_273' title='bbox 954 2155 1017 2221; x_wconf 89' lang='lat' dir='ltr'>post</span> <span class='ocrx_word' id='word_1_274' title='bbox 1060 2143 1105 2202; x_wconf 92' lang='lat' dir='ltr'>dis</span> <span class='ocrx_word' id='word_1_275' title='bbox 1119 2145 1150 2202; x_wconf 92' lang='lat' dir='ltr'>in</span> <span class='ocrx_word' id='word_1_276' title='bbox 1165 2143 1236 2203; x_wconf 91' lang='lat' dir='ltr'>cella</span> <span class='ocrx_word' id='word_1_277' title='bbox 1250 2143 1286 2201; x_wconf 92' lang='lat' dir='ltr'>ad</span> <span class='ocrx_word' id='word_1_278' title='bbox 1305 2142 1388 2217; x_wconf 89' lang='lat' dir='ltr'>panis</span> <span class='ocrx_word' id='word_1_279' title='bbox 1407 2158 1575 2201; x_wconf 87' lang='lat' dir='ltr'>mensuram</span> <span class='ocrx_word' id='word_1_280' title='bbox 1591 2143 1817 2216; x_wconf 88' lang='lat' dir='ltr'>ponderandam,</span> <span class='ocrx_word' id='word_1_281' title='bbox 1838 2169 1849 2199; x_wconf 77' lang='grc' dir='ltr'>ι</span> <span class='ocrx_word' id='word_1_282' title='bbox 1871 2149 1913 2208; x_wconf 87' lang='lat' dir='ltr'>lo-</span> 
     </span>
     <span class='ocr_line' id='line_1_21' title="bbox 155 2229 1914 2311; baseline 0.002 -16"><span class='ocrx_word' id='word_1_283' title='bbox 155 2235 194 2295; x_wconf 91' lang='grc' dir='ltr'>Β.</span> <span class='ocrx_word' id='word_1_284' title='bbox 212 2234 401 2309; x_wconf 84' lang='lat' dir='ltr'>llodulpbum</span> <span class='ocrx_word' id='word_1_285' title='bbox 420 2237 536 2306; x_wconf 74' lang='lat' dir='ltr'>saeculo,</span> <span class='ocrx_word' id='word_1_286' title='bbox 552 2238 785 2310; x_wconf 87' lang='lat' dir='ltr'>promulgarunt,</span> <span class='ocrx_word' id='word_1_287' title='bbox 805 2235 914 2294; x_wconf 91' lang='lat' dir='ltr'>silentii</span> <span class='ocrx_word' id='word_1_288' title='bbox 928 2235 1018 2293; x_wconf 90' lang='lat' dir='ltr'>disci·</span> <span class='ocrx_word' id='word_1_289' title='bbox 1060 2234 1161 2307; x_wconf 89' lang='lat' dir='ltr'>quitur</span> <span class='ocrx_word' id='word_1_290' title='bbox 1190 2248 1288 2306; x_wconf 89' lang='lat' dir='ltr'>opusc.</span> <span class='ocrx_word' id='word_1_291' title='bbox 1317 2245 1371 2302; x_wconf 81' lang='lat' dir='ltr'>xv,</span> <span class='ocrx_word' id='word_1_292' title='bbox 1399 2247 1460 2304; x_wconf 91' lang='lat' dir='ltr'>cap.</span> <span class='ocrx_word' id='word_1_293' title='bbox 1484 2229 1512 2300; x_wconf 90' lang='lat'>8,</span> <span class='ocrx_word' id='word_1_294' title='bbox 1532 2234 1617 2306; x_wconf 90' lang='lat' dir='ltr'>cujus</span> <span class='ocrx_word' id='word_1_295' title='bbox 1641 2239 1753 2292; x_wconf 84' lang='lat' dir='ltr'>textum</span> <span class='ocrx_word' id='word_1_296' title='bbox 1779 2239 1914 2311; x_wconf 89' lang='lat' dir='ltr'>superius</span> 
     </span>
     <span class='ocr_line' id='line_1_22' title="bbox 156 2318 1912 2400; baseline 0.002 -17"><span class='ocrx_word' id='word_1_297' title='bbox 156 2325 254 2400; x_wconf 88' lang='lat' dir='ltr'>plina,</span> <span class='ocrx_word' id='word_1_298' title='bbox 269 2325 390 2398; x_wconf 84' lang='lat' dir='ltr'>ejusque</span> <span class='ocrx_word' id='word_1_299' title='bbox 404 2325 556 2384; x_wconf 87' lang='lat' dir='ltr'>necessitas</span> <span class='ocrx_word' id='word_1_300' title='bbox 571 2327 741 2383; x_wconf 83' lang='lat' dir='ltr'>confirmata</span> <span class='ocrx_word' id='word_1_301' title='bbox 753 2324 868 2399; x_wconf 87' lang='lat' dir='ltr'>legitur,</span> <span class='ocrx_word' id='word_1_302' title='bbox 881 2324 962 2398; x_wconf 89' lang='lat' dir='ltr'>quia,</span> <span class='ocrx_word' id='word_1_303' title='bbox 976 2323 1019 2382; x_wconf 90' lang='lat' dir='ltr'>in·</span> <span class='ocrx_word' id='word_1_304' title='bbox 1060 2321 1238 2379; x_wconf 82' lang='lat' dir='ltr'>adduximus</span> <span class='ocrx_word' id='word_1_305' title='bbox 1251 2336 1312 2393; x_wconf 90' lang='lat' dir='ltr'>cap.</span> <span class='ocrx_word' id='word_1_306' title='bbox 1327 2321 1353 2390; x_wconf 86' lang='lat'>3,</span> <span class='ocrx_word' id='word_1_307' title='bbox 1369 2335 1451 2378; x_wconf 92' lang='lat' dir='ltr'>num.</span> <span class='ocrx_word' id='word_1_308' title='bbox 1466 2318 1508 2376; x_wconf 81' lang='lat' dir='ltr'>tt.</span> <span class='ocrx_word' id='word_1_309' title='bbox 1524 2319 1605 2376; x_wconf 88' lang='lat' dir='ltr'>Idam</span> <span class='ocrx_word' id='word_1_310' title='bbox 1616 2320 1762 2393; x_wconf 81' lang='lat' dir='ltr'>colligitur</span> <span class='ocrx_word' id='word_1_311' title='bbox 1775 2327 1912 2399; x_wconf 88' lang='lat' dir='ltr'>secundo,</span> 
     </span>
     <span class='ocr_line' id='line_1_23' title="bbox 155 2405 1913 2485; baseline 0.001 -14"><span class='ocrx_word' id='word_1_312' title='bbox 155 2413 279 2485; x_wconf 86' lang='lat' dir='ltr'>quium,</span> <span class='ocrx_word' id='word_1_313' title='bbox 296 2435 306 2460; x_wconf 82' lang='grc' dir='ltr'>ι</span> <span class='ocrx_word' id='word_1_314' title='bbox 322 2410 425 2470; x_wconf 88' lang='lat' dir='ltr'>Petrus</span> <span class='ocrx_word' id='word_1_315' title='bbox 438 2411 598 2472; x_wconf 89' lang='lat' dir='ltr'>Damianus</span> <span class='ocrx_word' id='word_1_316' title='bbox 609 2410 649 2469; x_wconf 93' lang='lat' dir='ltr'>ait</span> <span class='ocrx_word' id='word_1_317' title='bbox 664 2436 670 2469; x_wconf 72' lang='grc' dir='ltr'>ι</span> <span class='ocrx_word' id='word_1_318' title='bbox 686 2410 822 2471; x_wconf 81' lang='lat' dir='ltr'>Eremitae</span> <span class='ocrx_word' id='word_1_319' title='bbox 837 2410 965 2470; x_wconf 85' lang='lat' dir='ltr'>odicium</span> <span class='ocrx_word' id='word_1_320' title='bbox 977 2417 1019 2469; x_wconf 89' lang='lat' dir='ltr'>est</span> <span class='ocrx_word' id='word_1_321' title='bbox 1061 2425 1098 2468; x_wconf 80' lang='lat' dir='ltr'>er</span> <span class='ocrx_word' id='word_1_322' title='bbox 1112 2425 1170 2482; x_wconf 94' lang='lat' dir='ltr'>quo</span> <span class='ocrx_word' id='word_1_323' title='bbox 1182 2408 1233 2467; x_wconf 94' lang='lat' dir='ltr'>illa</span> <span class='ocrx_word' id='word_1_324' title='bbox 1247 2408 1308 2482; x_wconf 87' lang='lat' dir='ltr'>ipsa</span> <span class='ocrx_word' id='word_1_325' title='bbox 1323 2408 1370 2480; x_wconf 88' lang='lat' dir='ltr'>sit,</span> <span class='ocrx_word' id='word_1_326' title='bbox 1384 2424 1450 2482; x_wconf 86' lang='lat' dir='ltr'>quae</span> <span class='ocrx_word' id='word_1_327' title='bbox 1465 2429 1479 2461; x_wconf 76' lang='lat' dir='ltr'>a</span> <span class='ocrx_word' id='word_1_328' title='bbox 1496 2405 1611 2466; x_wconf 86' lang='lat' dir='ltr'>Sabbati</span> <span class='ocrx_word' id='word_1_329' title='bbox 1624 2409 1781 2483; x_wconf 76' lang='lat' dir='ltr'>ieiunium,</span> <span class='ocrx_word' id='word_1_330' title='bbox 1800 2436 1811 2465; x_wconf 73' lang='lat' dir='ltr'>i</span> <span class='ocrx_word' id='word_1_331' title='bbox 1829 2424 1913 2476; x_wconf 82' lang='lat' dir='ltr'>extra</span> 
     </span>
     <span class='ocr_line' id='line_1_24' title="bbox 152 2498 1913 2576; baseline 0.005 -20"><span class='ocrx_word' id='word_1_332' title='bbox 152 2498 273 2572; x_wconf 85' lang='lat' dir='ltr'>jejunio</span> <span class='ocrx_word' id='word_1_333' title='bbox 297 2498 471 2575; x_wconf 86' lang='lat' dir='ltr'>silentioque</span> <span class='ocrx_word' id='word_1_334' title='bbox 496 2500 654 2575; x_wconf 85' lang='lat' dir='ltr'>quiescere.</span> <span class='ocrx_word' id='word_1_335' title='bbox 672 2521 687 2554; x_wconf 79' lang='lat' dir='ltr'>u</span> <span class='ocrx_word' id='word_1_336' title='bbox 702 2501 738 2559; x_wconf 83' lang='lat' dir='ltr'>Et</span> <span class='ocrx_word' id='word_1_337' title='bbox 759 2500 790 2558; x_wconf 92' lang='lat' dir='ltr'>iu</span> <span class='ocrx_word' id='word_1_338' title='bbox 810 2499 956 2559; x_wconf 84' lang='lat' dir='ltr'>eremitica</span> <span class='ocrx_word' id='word_1_339' title='bbox 973 2515 1019 2558; x_wconf 90' lang='lat' dir='ltr'>re·</span> <span class='ocrx_word' id='word_1_340' title='bbox 1062 2498 1312 2569; x_wconf 78' lang='lat' dir='ltr'>Quadragesimas,</span> <span class='ocrx_word' id='word_1_341' title='bbox 1335 2514 1449 2571; x_wconf 91' lang='lat' dir='ltr'>semper</span> <span class='ocrx_word' id='word_1_342' title='bbox 1475 2504 1533 2556; x_wconf 91' lang='lat' dir='ltr'>tam</span> <span class='ocrx_word' id='word_1_343' title='bbox 1558 2505 1668 2570; x_wconf 77' lang='lat' dir='ltr'>asstare,</span> <span class='ocrx_word' id='word_1_344' title='bbox 1695 2517 1783 2576; x_wconf 90' lang='lat' dir='ltr'>quam</span> <span class='ocrx_word' id='word_1_345' title='bbox 1807 2505 1913 2573; x_wconf 88' lang='lat' dir='ltr'>bieme.</span> 
     </span>
     <span class='ocr_line' id='line_1_25' title="bbox 155 2586 1917 2668; baseline 0.004 -22"><span class='ocrx_word' id='word_1_346' title='bbox 155 2587 241 2661; x_wconf 89' lang='lat' dir='ltr'>gula,</span> <span class='ocrx_word' id='word_1_347' title='bbox 255 2603 344 2662; x_wconf 90' lang='lat' dir='ltr'>quam</span> <span class='ocrx_word' id='word_1_348' title='bbox 363 2588 470 2649; x_wconf 88' lang='lat' dir='ltr'>Paulus</span> <span class='ocrx_word' id='word_1_349' title='bbox 487 2589 671 2648; x_wconf 85' lang='lat' dir='ltr'>lastinianus</span> <span class='ocrx_word' id='word_1_350' title='bbox 688 2588 787 2660; x_wconf 84' lang='lat' dir='ltr'>edidit,</span> <span class='ocrx_word' id='word_1_351' title='bbox 810 2595 872 2648; x_wconf 90' lang='lat' dir='ltr'>lum</span> <span class='ocrx_word' id='word_1_352' title='bbox 889 2604 950 2664; x_wconf 89' lang='lat' dir='ltr'>cap.</span> <span class='ocrx_word' id='word_1_353' title='bbox 973 2589 1018 2658; x_wconf 80' lang='lat' dir='ltr'>ll,</span> <span class='ocrx_word' id='word_1_354' title='bbox 1062 2593 1178 2662; x_wconf 89' lang='lat' dir='ltr'>propter</span> <span class='ocrx_word' id='word_1_355' title='bbox 1195 2586 1355 2646; x_wconf 89' lang='lat' dir='ltr'>imbecilles</span> <span class='ocrx_word' id='word_1_356' title='bbox 1373 2586 1563 2645; x_wconf 80' lang='lat' dir='ltr'>relaxandum</span> <span class='ocrx_word' id='word_1_357' title='bbox 1583 2587 1725 2663; x_wconf 82' lang='lat' dir='ltr'>indulget,</span> <span class='ocrx_word' id='word_1_358' title='bbox 1739 2605 1772 2648; x_wconf 91' lang='lat' dir='ltr'>ac</span> <span class='ocrx_word' id='word_1_359' title='bbox 1792 2592 1917 2668; x_wconf 89' lang='lat' dir='ltr'>simplici</span> 
     </span>
     <span class='ocr_line' id='line_1_26' title="bbox 155 2673 1916 2758; baseline 0.006 -26"><span class='ocrx_word' id='word_1_360' title='bbox 155 2673 261 2732; x_wconf 74' lang='lat' dir='ltr'>uerbis</span> <span class='ocrx_word' id='word_1_361' title='bbox 271 2675 332 2748; x_wconf 76' lang='lat' dir='ltr'>jam</span> <span class='ocrx_word' id='word_1_362' title='bbox 345 2675 459 2735; x_wconf 88' lang='lat' dir='ltr'>dissert.</span> <span class='ocrx_word' id='word_1_363' title='bbox 473 2677 497 2747; x_wconf 88' lang='lat' dir='ltr'>l,</span> <span class='ocrx_word' id='word_1_364' title='bbox 510 2693 571 2751; x_wconf 90' lang='lat' dir='ltr'>cap.</span> <span class='ocrx_word' id='word_1_365' title='bbox 584 2677 611 2748; x_wconf 79' lang='lat' dir='ltr'>l,</span> <span class='ocrx_word' id='word_1_366' title='bbox 626 2692 708 2736; x_wconf 91' lang='lat' dir='ltr'>uum.</span> <span class='ocrx_word' id='word_1_367' title='bbox 725 2677 768 2746; x_wconf 80' lang='lat' dir='ltr'>tt,</span> <span class='ocrx_word' id='word_1_368' title='bbox 780 2676 923 2747; x_wconf 87' lang='lat' dir='ltr'>adductis,</span> <span class='ocrx_word' id='word_1_369' title='bbox 939 2698 949 2726; x_wconf 76' lang='grc' dir='ltr'>ι</span> <span class='ocrx_word' id='word_1_370' title='bbox 966 2675 1019 2734; x_wconf 90' lang='lat' dir='ltr'>Pe·</span> <span class='ocrx_word' id='word_1_371' title='bbox 1062 2677 1211 2736; x_wconf 79' lang='lat' dir='ltr'>refectioni</span> <span class='ocrx_word' id='word_1_372' title='bbox 1226 2692 1295 2735; x_wconf 92' lang='lat' dir='ltr'>cum</span> <span class='ocrx_word' id='word_1_373' title='bbox 1310 2676 1470 2750; x_wconf 88' lang='lat' dir='ltr'>pulmento,</span> <span class='ocrx_word' id='word_1_374' title='bbox 1486 2683 1514 2735; x_wconf 87' lang='lat' dir='ltr'>et</span> <span class='ocrx_word' id='word_1_375' title='bbox 1529 2678 1598 2737; x_wconf 91' lang='lat' dir='ltr'>vino</span> <span class='ocrx_word' id='word_1_376' title='bbox 1612 2677 1823 2755; x_wconf 83' lang='lat' dir='ltr'>deputandum,</span> <span class='ocrx_word' id='word_1_377' title='bbox 1838 2687 1916 2758; x_wconf 86' lang='lat' dir='ltr'>quod</span> 
     </span>
     <span class='ocr_line' id='line_1_27' title="bbox 158 2761 1918 2839; baseline 0.005 -16"><span class='ocrx_word' id='word_1_378' title='bbox 158 2764 200 2823; x_wconf 83' lang='lat' dir='ltr'>tri</span> <span class='ocrx_word' id='word_1_379' title='bbox 215 2764 350 2823; x_wconf 84' lang='lat' dir='ltr'>Damiani</span> <span class='ocrx_word' id='word_1_380' title='bbox 364 2787 378 2818; x_wconf 84' lang='lat'>»</span> <span class='ocrx_word' id='word_1_381' title='bbox 392 2765 545 2832; x_wconf 81' lang='lat' dir='ltr'>auctoritas</span> <span class='ocrx_word' id='word_1_382' title='bbox 563 2768 639 2824; x_wconf 87' lang='lat' dir='ltr'>circa</span> <span class='ocrx_word' id='word_1_383' title='bbox 658 2764 843 2839; x_wconf 91' lang='lat' dir='ltr'>disciplinam</span> <span class='ocrx_word' id='word_1_384' title='bbox 863 2765 1021 2838; x_wconf 90' lang='lat' dir='ltr'>suscipien-</span> <span class='ocrx_word' id='word_1_385' title='bbox 1063 2765 1157 2837; x_wconf 90' lang='lat' dir='ltr'>ipsum</span> <span class='ocrx_word' id='word_1_386' title='bbox 1179 2761 1302 2835; x_wconf 88' lang='lat' dir='ltr'>intelligi</span> <span class='ocrx_word' id='word_1_387' title='bbox 1318 2763 1409 2822; x_wconf 81' lang='lat' dir='ltr'>voluit</span> <span class='ocrx_word' id='word_1_388' title='bbox 1423 2763 1594 2836; x_wconf 82' lang='lat' dir='ltr'>liudulphus</span> <span class='ocrx_word' id='word_1_389' title='bbox 1611 2781 1644 2822; x_wconf 90' lang='lat' dir='ltr'>ea</span> <span class='ocrx_word' id='word_1_390' title='bbox 1666 2767 1811 2828; x_wconf 85' lang='lat' dir='ltr'>termula:</span> <span class='ocrx_word' id='word_1_391' title='bbox 1836 2795 1849 2821; x_wconf 73' lang='lat' dir='ltr'>a</span> <span class='ocrx_word' id='word_1_392' title='bbox 1877 2772 1918 2830; x_wconf 88' lang='lat' dir='ltr'>De</span> 
     </span>
     <span class='ocr_line' id='line_1_28' title="bbox 160 2850 1918 2929; baseline 0.003 -17"><span class='ocrx_word' id='word_1_393' title='bbox 160 2852 274 2912; x_wconf 89' lang='lat' dir='ltr'>dorum</span> <span class='ocrx_word' id='word_1_394' title='bbox 286 2853 470 2913; x_wconf 71' lang='lat' dir='ltr'>secularium</span> <span class='ocrx_word' id='word_1_395' title='bbox 484 2854 514 2913; x_wconf 91' lang='lat' dir='ltr'>in</span> <span class='ocrx_word' id='word_1_396' title='bbox 530 2870 626 2914; x_wconf 90' lang='lat' dir='ltr'>eremo</span> <span class='ocrx_word' id='word_1_397' title='bbox 653 2853 842 2929; x_wconf 90' lang='lat' dir='ltr'>proponitur;</span> <span class='ocrx_word' id='word_1_398' title='bbox 865 2862 925 2914; x_wconf 92' lang='lat' dir='ltr'>tum</span> <span class='ocrx_word' id='word_1_399' title='bbox 951 2853 1022 2912; x_wconf 92' lang='lat' dir='ltr'>alibi</span> <span class='ocrx_word' id='word_1_400' title='bbox 1064 2854 1111 2911; x_wconf 91' lang='lat' dir='ltr'>die</span> <span class='ocrx_word' id='word_1_401' title='bbox 1129 2851 1246 2911; x_wconf 86' lang='lat' dir='ltr'>Sabbati</span> <span class='ocrx_word' id='word_1_402' title='bbox 1263 2850 1438 2910; x_wconf 87' lang='lat' dir='ltr'>manducare</span> <span class='ocrx_word' id='word_1_403' title='bbox 1457 2852 1493 2909; x_wconf 93' lang='lat' dir='ltr'>ad</span> <span class='ocrx_word' id='word_1_404' title='bbox 1510 2867 1640 2910; x_wconf 91' lang='lat' dir='ltr'>mensam</span> <span class='ocrx_word' id='word_1_405' title='bbox 1655 2872 1662 2922; x_wconf 93' lang='lat'>;</span> <span class='ocrx_word' id='word_1_406' title='bbox 1680 2875 1694 2907; x_wconf 78' lang='lat' dir='ltr'>n</span> <span class='ocrx_word' id='word_1_407' title='bbox 1713 2856 1754 2913; x_wconf 89' lang='lat' dir='ltr'>nit</span> <span class='ocrx_word' id='word_1_408' title='bbox 1781 2859 1860 2917; x_wconf 89' lang='lat' dir='ltr'>enim</span> <span class='ocrx_word' id='word_1_409' title='bbox 1888 2862 1918 2918; x_wconf 93' lang='lat' dir='ltr'>in</span> 
     </span>
     <span class='ocr_line' id='line_1_29' title="bbox 160 2942 1918 3019; baseline 0.006 -19"><span class='ocrx_word' id='word_1_410' title='bbox 160 2942 285 3019; x_wconf 86' lang='lat' dir='ltr'>passim,</span> <span class='ocrx_word' id='word_1_411' title='bbox 315 2950 346 3002; x_wconf 94' lang='lat' dir='ltr'>ut</span> <span class='ocrx_word' id='word_1_412' title='bbox 373 2944 449 3002; x_wconf 90' lang='lat' dir='ltr'>circa</span> <span class='ocrx_word' id='word_1_413' title='bbox 475 2943 582 3018; x_wconf 91' lang='lat' dir='ltr'>prioris</span> <span class='ocrx_word' id='word_1_414' title='bbox 611 2944 701 3002; x_wconf 92' lang='lat' dir='ltr'>eremi</span> <span class='ocrx_word' id='word_1_415' title='bbox 729 2944 883 3018; x_wconf 91' lang='lat' dir='ltr'>qualitates</span> <span class='ocrx_word' id='word_1_416' title='bbox 907 2944 1022 3017; x_wconf 91' lang='lat' dir='ltr'>aliaque</span> <span class='ocrx_word' id='word_1_417' title='bbox 1064 2945 1178 3002; x_wconf 91' lang='lat' dir='ltr'>constit.</span> <span class='ocrx_word' id='word_1_418' title='bbox 1191 2943 1262 3002; x_wconf 91' lang='lat' dir='ltr'>auni</span> <span class='ocrx_word' id='word_1_419' title='bbox 1284 2942 1361 3014; x_wconf 82' lang='lat' dir='ltr'>tusc,</span> <span class='ocrx_word' id='word_1_420' title='bbox 1377 2960 1438 3017; x_wconf 87' lang='lat' dir='ltr'>cap.</span> <span class='ocrx_word' id='word_1_421' title='bbox 1454 2943 1511 3004; x_wconf 69' lang='lat' dir='ltr'>sc:</span> <span class='ocrx_word' id='word_1_422' title='bbox 1531 2944 1603 3002; x_wconf 78' lang='lat' dir='ltr'>«Ad</span> <span class='ocrx_word' id='word_1_423' title='bbox 1621 2961 1749 3005; x_wconf 89' lang='lat' dir='ltr'>mensam</span> <span class='ocrx_word' id='word_1_424' title='bbox 1767 2964 1835 3008; x_wconf 86' lang='lat' dir='ltr'>rere</span> <span class='ocrx_word' id='word_1_425' title='bbox 1853 2968 1918 3010; x_wconf 93' lang='lat' dir='ltr'>om-</span> 
     </span>
     <span class='ocr_line' id='line_1_30' title="bbox 163 3031 1918 3111; baseline 0.001 -20"><span class='ocrx_word' id='word_1_426' title='bbox 163 3032 272 3101; x_wconf 88' lang='lat' dir='ltr'>multa,</span> <span class='ocrx_word' id='word_1_427' title='bbox 286 3032 322 3090; x_wconf 88' lang='lat' dir='ltr'>ad</span> <span class='ocrx_word' id='word_1_428' title='bbox 335 3032 463 3105; x_wconf 85' lang='lat' dir='ltr'>ejusdem</span> <span class='ocrx_word' id='word_1_429' title='bbox 478 3054 493 3086; x_wconf 80' lang='lat' dir='ltr'>&lt;r</span> <span class='ocrx_word' id='word_1_430' title='bbox 507 3032 583 3091; x_wconf 90' lang='lat' dir='ltr'>Petri</span> <span class='ocrx_word' id='word_1_431' title='bbox 596 3033 731 3091; x_wconf 90' lang='lat' dir='ltr'>Damiani</span> <span class='ocrx_word' id='word_1_432' title='bbox 749 3056 759 3085; x_wconf 73' lang='grc' dir='ltr'><strong>ι</strong></span> <span class='ocrx_word' id='word_1_433' title='bbox 777 3033 939 3092; x_wconf 87' lang='lat' dir='ltr'>sanctiones</span> <span class='ocrx_word' id='word_1_434' title='bbox 956 3047 1022 3104; x_wconf 92' lang='lat' dir='ltr'>pre·</span> <span class='ocrx_word' id='word_1_435' title='bbox 1065 3032 1152 3090; x_wconf 89' lang='lat' dir='ltr'>nibus</span> <span class='ocrx_word' id='word_1_436' title='bbox 1175 3031 1278 3090; x_wconf 91' lang='lat' dir='ltr'>diebus</span> <span class='ocrx_word' id='word_1_437' title='bbox 1305 3032 1431 3105; x_wconf 80' lang='lat' dir='ltr'>geminae</span> <span class='ocrx_word' id='word_1_438' title='bbox 1454 3032 1630 3106; x_wconf 88' lang='lat' dir='ltr'>relectionis,</span> <span class='ocrx_word' id='word_1_439' title='bbox 1655 3041 1706 3092; x_wconf 91' lang='lat' dir='ltr'>aut</span> <span class='ocrx_word' id='word_1_440' title='bbox 1733 3037 1886 3111; x_wconf 90' lang='lat' dir='ltr'>simplicis,</span> <span class='ocrx_word' id='word_1_441' title='bbox 1904 3063 1918 3092; x_wconf 87' lang='lat'>»</span> 
     </span>
     <span class='ocr_line' id='line_1_31' title="bbox 164 3120 1920 3195; baseline 0.005 -15"><span class='ocrx_word' id='word_1_442' title='bbox 164 3128 382 3189; x_wconf 78' lang='lat' dir='ltr'>vocatur,cum</span> <span class='ocrx_word' id='word_1_443' title='bbox 409 3122 527 3195; x_wconf 88' lang='lat' dir='ltr'>insuper</span> <span class='ocrx_word' id='word_1_444' title='bbox 552 3122 763 3181; x_wconf 71' lang='lat' dir='ltr'>«eremiticam</span> <span class='ocrx_word' id='word_1_445' title='bbox 790 3120 919 3195; x_wconf 87' lang='lat' dir='ltr'>regulam</span> <span class='ocrx_word' id='word_1_446' title='bbox 947 3120 1023 3180; x_wconf 89' lang='lat' dir='ltr'>Petri</span> <span class='ocrx_word' id='word_1_447' title='bbox 1066 3121 1207 3179; x_wconf 90' lang='lat' dir='ltr'>nimirum</span> <span class='ocrx_word' id='word_1_448' title='bbox 1237 3137 1293 3179; x_wconf 91' lang='lat' dir='ltr'>uon</span> <span class='ocrx_word' id='word_1_449' title='bbox 1318 3120 1435 3195; x_wconf 86' lang='lat' dir='ltr'>perlecti</span> <span class='ocrx_word' id='word_1_450' title='bbox 1466 3147 1478 3172; x_wconf 72' lang='lat' dir='ltr'>u</span> <span class='ocrx_word' id='word_1_451' title='bbox 1503 3121 1609 3195; x_wconf 76' lang='lat' dir='ltr'>jeiunii</span> <span class='ocrx_word' id='word_1_452' title='bbox 1639 3126 1833 3184; x_wconf 89' lang='lat' dir='ltr'>communiter</span> <span class='ocrx_word' id='word_1_453' title='bbox 1851 3129 1920 3188; x_wconf 84' lang='lat' dir='ltr'>refi-</span> 
     </span>
     <span class='ocr_line' id='line_1_32' title="bbox 165 3208 1923 3310; baseline 0.005 -41"><span class='ocrx_word' id='word_1_454' title='bbox 165 3210 305 3269; x_wconf 88' lang='lat' dir='ltr'>Damiani</span> <span class='ocrx_word' id='word_1_455' title='bbox 329 3232 344 3263; x_wconf 76' lang='lat' dir='ltr'>r</span> <span class='ocrx_word' id='word_1_456' title='bbox 371 3226 408 3269; x_wconf 82' lang='lat' dir='ltr'>ex</span> <span class='ocrx_word' id='word_1_457' title='bbox 431 3212 542 3286; x_wconf 88' lang='lat' dir='ltr'>integro</span> <span class='ocrx_word' id='word_1_458' title='bbox 570 3211 664 3283; x_wconf 90' lang='lat' dir='ltr'>edere,</span> <span class='ocrx_word' id='word_1_459' title='bbox 680 3220 708 3270; x_wconf 91' lang='lat' dir='ltr'>et</span> <span class='ocrx_word' id='word_1_460' title='bbox 734 3213 842 3283; x_wconf 84' lang='lat' dir='ltr'>regulae</span> <span class='ocrx_word' id='word_1_461' title='bbox 868 3209 1147 3310; x_wconf 66' lang='lat' dir='ltr'>eremiticaecciuut</span> <span class='ocrx_word' id='word_1_462' title='bbox 1174 3211 1299 3281; x_wconf 75' lang='lat' dir='ltr'>france,</span> <span class='ocrx_word' id='word_1_463' title='bbox 1319 3234 1330 3260; x_wconf 85' lang='lat'><strong>·</strong></span> <span class='ocrx_word' id='word_1_464' title='bbox 1356 3225 1423 3267; x_wconf 91' lang='lat' dir='ltr'>nam</span> <span class='ocrx_word' id='word_1_465' title='bbox 1449 3208 1552 3268; x_wconf 88' lang='lat' dir='ltr'>diebus</span> <span class='ocrx_word' id='word_1_466' title='bbox 1576 3210 1760 3272; x_wconf 77' lang='lat' dir='ltr'>abstinentiae</span> <span class='ocrx_word' id='word_1_467' title='bbox 1788 3218 1871 3289; x_wconf 88' lang='lat' dir='ltr'>panis</span> <span class='ocrx_word' id='word_1_468' title='bbox 1894 3228 1923 3278; x_wconf 88' lang='lat' dir='ltr'>et</span> 
     </span>
     <span class='ocr_line' id='line_1_33' title="bbox 167 3296 1921 3382; baseline 0.006 -24"><span class='ocrx_word' id='word_1_469' title='bbox 167 3296 201 3358; x_wconf 89' lang='lat' dir='ltr'>S.</span> <span class='ocrx_word' id='word_1_470' title='bbox 217 3297 373 3358; x_wconf 85' lang='lat' dir='ltr'>Romualdi</span> <span class='ocrx_word' id='word_1_471' title='bbox 390 3298 479 3358; x_wconf 89' lang='lat' dir='ltr'>simul</span> <span class='ocrx_word' id='word_1_472' title='bbox 495 3298 679 3374; x_wconf 87' lang='lat' dir='ltr'>conjungere,</span> <span class='ocrx_word' id='word_1_473' title='bbox 694 3300 854 3373; x_wconf 89' lang='lat' dir='ltr'>codemque</span> <span class='ocrx_word' id='word_1_474' title='bbox 873 3300 1023 3375; x_wconf 86' lang='lat' dir='ltr'>complecti</span> <span class='ocrx_word' id='word_1_475' title='bbox 1066 3315 1151 3374; x_wconf 81' lang='lat' dir='ltr'>aquae</span> <span class='ocrx_word' id='word_1_476' title='bbox 1179 3299 1289 3374; x_wconf 91' lang='lat' dir='ltr'>singuli</span> <span class='ocrx_word' id='word_1_477' title='bbox 1308 3299 1339 3357; x_wconf 93' lang='lat' dir='ltr'>iu</span> <span class='ocrx_word' id='word_1_478' title='bbox 1359 3298 1439 3357; x_wconf 88' lang='lat' dir='ltr'>cellis</span> <span class='ocrx_word' id='word_1_479' title='bbox 1465 3299 1537 3369; x_wconf 90' lang='lat' dir='ltr'>suis,</span> <span class='ocrx_word' id='word_1_480' title='bbox 1555 3321 1569 3352; x_wconf 77' lang='lat' dir='ltr'>r</span> <span class='ocrx_word' id='word_1_481' title='bbox 1586 3300 1674 3359; x_wconf 90' lang='lat' dir='ltr'>nudis</span> <span class='ocrx_word' id='word_1_482' title='bbox 1692 3304 1816 3376; x_wconf 87' lang='lat' dir='ltr'>pedibus</span> <span class='ocrx_word' id='word_1_483' title='bbox 1834 3323 1921 3382; x_wconf 91' lang='lat' dir='ltr'>super</span> 
     </span>
     <span class='ocr_line' id='line_1_34' title="bbox 165 3386 1923 3461; baseline 0.003 -14"><span class='ocrx_word' id='word_1_484' title='bbox 165 3389 331 3460; x_wconf 74' lang='lat' dir='ltr'>volumine,</span> <span class='ocrx_word' id='word_1_485' title='bbox 347 3388 423 3446; x_wconf 91' lang='lat' dir='ltr'>idem</span> <span class='ocrx_word' id='word_1_486' title='bbox 437 3386 621 3448; x_wconf 84' lang='lat' dir='ltr'>lastinianus</span> <span class='ocrx_word' id='word_1_487' title='bbox 638 3404 695 3448; x_wconf 90' lang='lat' dir='ltr'>non</span> <span class='ocrx_word' id='word_1_488' title='bbox 713 3388 897 3458; x_wconf 85' lang='lat' dir='ltr'>dubitaverit,</span> <span class='ocrx_word' id='word_1_489' title='bbox 912 3390 1023 3448; x_wconf 80' lang='lat' dir='ltr'>caeteris</span> <span class='ocrx_word' id='word_1_490' title='bbox 1067 3387 1242 3461; x_wconf 81' lang='lat' dir='ltr'>parimemtc</span> <span class='ocrx_word' id='word_1_491' title='bbox 1266 3387 1398 3445; x_wconf 88' lang='lat' dir='ltr'>sedentes</span> <span class='ocrx_word' id='word_1_492' title='bbox 1420 3386 1588 3461; x_wconf 80' lang='lat' dir='ltr'>librumque</span> <span class='ocrx_word' id='word_1_493' title='bbox 1610 3404 1700 3447; x_wconf 74' lang='lat' dir='ltr'>sacrae</span> <span class='ocrx_word' id='word_1_494' title='bbox 1720 3391 1850 3452; x_wconf 89' lang='lat' dir='ltr'>lectionis</span> <span class='ocrx_word' id='word_1_495' title='bbox 1875 3397 1923 3452; x_wconf 91' lang='lat' dir='ltr'>in-</span> 
     </span>
     <span class='ocr_line' id='line_1_35' title="bbox 166 3474 1922 3553; baseline 0.005 -20"><span class='ocrx_word' id='word_1_496' title='bbox 166 3475 238 3534; x_wconf 87' lang='lat' dir='ltr'>licet</span> <span class='ocrx_word' id='word_1_497' title='bbox 269 3475 542 3534; x_wconf 78' lang='lat' dir='ltr'>Camaldulensibus</span> <span class='ocrx_word' id='word_1_498' title='bbox 572 3475 827 3534; x_wconf 88' lang='lat' dir='ltr'>constitutionibus</span> <span class='ocrx_word' id='word_1_499' title='bbox 864 3475 1022 3549; x_wconf 84' lang='lat' dir='ltr'>Rodulplii,</span> <span class='ocrx_word' id='word_1_500' title='bbox 1067 3482 1189 3544; x_wconf 90' lang='lat' dir='ltr'>tuentes,</span> <span class='ocrx_word' id='word_1_501' title='bbox 1207 3497 1220 3527; x_wconf 74' lang='lat' dir='ltr'>s</span> <span class='ocrx_word' id='word_1_502' title='bbox 1240 3474 1451 3542; x_wconf 80' lang='lat' dir='ltr'>reficiebantur,</span> <span class='ocrx_word' id='word_1_503' title='bbox 1469 3482 1501 3532; x_wconf 91' lang='lat' dir='ltr'>ut</span> <span class='ocrx_word' id='word_1_504' title='bbox 1527 3475 1635 3534; x_wconf 89' lang='lat' dir='ltr'>ibidem</span> <span class='ocrx_word' id='word_1_505' title='bbox 1663 3478 1922 3553; x_wconf 75' lang='lat' dir='ltr'>liedulplrns.ait;</span> 
     </span>
     <span class='ocr_line' id='line_1_36' title="bbox 167 3562 1921 3641; baseline 0.003 -18"><span class='ocrx_word' id='word_1_506' title='bbox 167 3563 288 3633; x_wconf 85' lang='lat' dir='ltr'>Placidi,</span> <span class='ocrx_word' id='word_1_507' title='bbox 305 3562 457 3635; x_wconf 89' lang='lat' dir='ltr'>Gberardi,</span> <span class='ocrx_word' id='word_1_508' title='bbox 471 3563 588 3622; x_wconf 85' lang='lat' dir='ltr'>Martini</span> <span class='ocrx_word' id='word_1_509' title='bbox 614 3565 734 3623; x_wconf 92' lang='lat' dir='ltr'>omnino</span> <span class='ocrx_word' id='word_1_510' title='bbox 751 3563 926 3638; x_wconf 88' lang='lat' dir='ltr'>postpositis,</span> <span class='ocrx_word' id='word_1_511' title='bbox 940 3566 1024 3638; x_wconf 87' lang='lat' dir='ltr'>quasi</span> <span class='ocrx_word' id='word_1_512' title='bbox 1065 3565 1105 3623; x_wconf 93' lang='lat' dir='ltr'>ait</span> <span class='ocrx_word' id='word_1_513' title='bbox 1131 3565 1211 3621; x_wconf 91' lang='lat' dir='ltr'>enim</span> <span class='ocrx_word' id='word_1_514' title='bbox 1239 3564 1398 3622; x_wconf 90' lang='lat' dir='ltr'>Damianus</span> <span class='ocrx_word' id='word_1_515' title='bbox 1422 3563 1496 3620; x_wconf 90' lang='lat' dir='ltr'>dicto</span> <span class='ocrx_word' id='word_1_516' title='bbox 1520 3567 1660 3637; x_wconf 90' lang='lat' dir='ltr'>opusculo</span> <span class='ocrx_word' id='word_1_517' title='bbox 1688 3580 1743 3633; x_wconf 79' lang='lat' dir='ltr'>ur.</span> <span class='ocrx_word' id='word_1_518' title='bbox 1772 3586 1835 3641; x_wconf 89' lang='lat' dir='ltr'>cap.</span> <span class='ocrx_word' id='word_1_519' title='bbox 1866 3573 1921 3630; x_wconf 83' lang='lat'>15:</span> 
     </span>
     <span class='ocr_line' id='line_1_37' title="bbox 167 3650 1925 3725; baseline 0.004 -15"><span class='ocrx_word' id='word_1_520' title='bbox 167 3651 311 3710; x_wconf 88' lang='lat' dir='ltr'>nimirum</span> <span class='ocrx_word' id='word_1_521' title='bbox 320 3650 503 3725; x_wconf 88' lang='lat' dir='ltr'>intelligeret,</span> <span class='ocrx_word' id='word_1_522' title='bbox 515 3652 547 3710; x_wconf 92' lang='lat' dir='ltr'>in</span> <span class='ocrx_word' id='word_1_523' title='bbox 556 3651 625 3710; x_wconf 88' lang='lat' dir='ltr'>solis</span> <span class='ocrx_word' id='word_1_524' title='bbox 633 3652 708 3711; x_wconf 85' lang='lat' dir='ltr'>Petri</span> <span class='ocrx_word' id='word_1_525' title='bbox 719 3652 855 3711; x_wconf 86' lang='lat' dir='ltr'>Damiani</span> <span class='ocrx_word' id='word_1_526' title='bbox 869 3653 1022 3722; x_wconf 91' lang='lat' dir='ltr'>institutis,</span> <span class='ocrx_word' id='word_1_527' title='bbox 1068 3653 1249 3711; x_wconf 72' lang='lat' dir='ltr'>«Credimus</span> <span class='ocrx_word' id='word_1_528' title='bbox 1268 3666 1509 3724; x_wconf 92' lang='lat' dir='ltr'>unumquemque</span> <span class='ocrx_word' id='word_1_529' title='bbox 1529 3655 1643 3711; x_wconf 84' lang='lat' dir='ltr'>tratrem</span> <span class='ocrx_word' id='word_1_530' title='bbox 1664 3653 1695 3711; x_wconf 89' lang='lat' dir='ltr'>iu</span> <span class='ocrx_word' id='word_1_531' title='bbox 1711 3655 1818 3714; x_wconf 90' lang='lat' dir='ltr'>cellula</span> <span class='ocrx_word' id='word_1_532' title='bbox 1844 3673 1925 3717; x_wconf 88' lang='lat' dir='ltr'>ccm-</span> 
     </span>
     <span class='ocr_line' id='line_1_38' title="bbox 166 3741 1926 3817; baseline 0.005 -17"><span class='ocrx_word' id='word_1_533' title='bbox 166 3742 313 3817; x_wconf 92' lang='lat' dir='ltr'>qnidquid</span> <span class='ocrx_word' id='word_1_534' title='bbox 335 3742 365 3800; x_wconf 93' lang='lat' dir='ltr'>iu</span> <span class='ocrx_word' id='word_1_535' title='bbox 390 3741 522 3800; x_wconf 92' lang='lat' dir='ltr'>omnium</span> <span class='ocrx_word' id='word_1_536' title='bbox 544 3742 599 3800; x_wconf 88' lang='lat' dir='ltr'>PP.</span> <span class='ocrx_word' id='word_1_537' title='bbox 622 3751 786 3802; x_wconf 91' lang='lat' dir='ltr'>nostrorum</span> <span class='ocrx_word' id='word_1_538' title='bbox 825 3742 1023 3801; x_wconf 86' lang='lat' dir='ltr'>sanctionibus</span> <span class='ocrx_word' id='word_1_539' title='bbox 1067 3749 1237 3811; x_wconf 88' lang='lat' dir='ltr'>morantem,</span> <span class='ocrx_word' id='word_1_540' title='bbox 1253 3741 1308 3799; x_wconf 92' lang='lat' dir='ltr'>uisi</span> <span class='ocrx_word' id='word_1_541' title='bbox 1323 3742 1444 3799; x_wconf 90' lang='lat' dir='ltr'>omnino</span> <span class='ocrx_word' id='word_1_542' title='bbox 1466 3749 1592 3815; x_wconf 75' lang='lat' dir='ltr'>aegrotus</span> <span class='ocrx_word' id='word_1_543' title='bbox 1616 3741 1663 3812; x_wconf 91' lang='lat' dir='ltr'>sit,</span> <span class='ocrx_word' id='word_1_544' title='bbox 1686 3744 1725 3801; x_wconf 88' lang='lat' dir='ltr'>ita</span> <span class='ocrx_word' id='word_1_545' title='bbox 1750 3752 1783 3804; x_wconf 90' lang='lat' dir='ltr'>ut</span> <span class='ocrx_word' id='word_1_546' title='bbox 1808 3747 1926 3808; x_wconf 89' lang='lat' dir='ltr'>decum-</span> 
     </span>
     <span class='ocr_line' id='line_1_39' title="bbox 166 3827 1924 3907; baseline 0.005 -18"><span class='ocrx_word' id='word_1_547' title='bbox 166 3837 341 3899; x_wconf 81' lang='lat' dir='ltr'>oenunetur,</span> <span class='ocrx_word' id='word_1_548' title='bbox 357 3837 492 3906; x_wconf 92' lang='lat' dir='ltr'>tauquam</span> <span class='ocrx_word' id='word_1_549' title='bbox 507 3830 539 3888; x_wconf 94' lang='lat' dir='ltr'>in</span> <span class='ocrx_word' id='word_1_550' title='bbox 551 3846 605 3889; x_wconf 93' lang='lat' dir='ltr'>suo</span> <span class='ocrx_word' id='word_1_551' title='bbox 620 3830 708 3903; x_wconf 86' lang='lat' dir='ltr'>lente,</span> <span class='ocrx_word' id='word_1_552' title='bbox 729 3831 847 3903; x_wconf 92' lang='lat' dir='ltr'>melius,</span> <span class='ocrx_word' id='word_1_553' title='bbox 862 3840 890 3889; x_wconf 92' lang='lat' dir='ltr'>et</span> <span class='ocrx_word' id='word_1_554' title='bbox 904 3831 1024 3889; x_wconf 89' lang='lat' dir='ltr'>uberius</span> <span class='ocrx_word' id='word_1_555' title='bbox 1066 3829 1115 3888; x_wconf 88' lang='lat' dir='ltr'>bat</span> <span class='ocrx_word' id='word_1_556' title='bbox 1140 3829 1258 3904; x_wconf 91' lang='lat' dir='ltr'>quidem</span> <span class='ocrx_word' id='word_1_557' title='bbox 1291 3829 1323 3886; x_wconf 92' lang='lat' dir='ltr'>in</span> <span class='ocrx_word' id='word_1_558' title='bbox 1352 3827 1472 3897; x_wconf 91' lang='lat' dir='ltr'>lectulo,</span> <span class='ocrx_word' id='word_1_559' title='bbox 1503 3833 1560 3887; x_wconf 93' lang='lat' dir='ltr'>toto</span> <span class='ocrx_word' id='word_1_560' title='bbox 1590 3830 1662 3889; x_wconf 90' lang='lat' dir='ltr'>anni</span> <span class='ocrx_word' id='word_1_561' title='bbox 1688 3837 1835 3907; x_wconf 90' lang='lat' dir='ltr'>tempore,</span> <span class='ocrx_word' id='word_1_562' title='bbox 1863 3839 1924 3898; x_wconf 86' lang='lat' dir='ltr'>sire</span> 
     </span>
     <span class='ocr_line' id='line_1_40' title="bbox 166 3915 1922 3995; baseline 0.003 -16"><span class='ocrx_word' id='word_1_563' title='bbox 166 3920 287 3994; x_wconf 87' lang='lat' dir='ltr'>reperiri</span> <span class='ocrx_word' id='word_1_564' title='bbox 302 3942 309 3991; x_wconf 85' lang='lat'>;</span> <span class='ocrx_word' id='word_1_565' title='bbox 334 3937 387 3978; x_wconf 89' lang='lat' dir='ltr'>nec</span> <span class='ocrx_word' id='word_1_566' title='bbox 401 3921 469 3979; x_wconf 92' lang='lat' dir='ltr'>satis</span> <span class='ocrx_word' id='word_1_567' title='bbox 483 3923 639 3995; x_wconf 86' lang='lat' dir='ltr'>perfectam</span> <span class='ocrx_word' id='word_1_568' title='bbox 657 3930 737 3981; x_wconf 90' lang='lat' dir='ltr'>ratus</span> <span class='ocrx_word' id='word_1_569' title='bbox 750 3939 847 3993; x_wconf 83' lang='lat' dir='ltr'>suam,</span> <span class='ocrx_word' id='word_1_570' title='bbox 864 3939 901 3980; x_wconf 84' lang='lat' dir='ltr'>ex</span> <span class='ocrx_word' id='word_1_571' title='bbox 918 3921 946 3981; x_wconf 90' lang='lat' dir='ltr'>S.</span> <span class='ocrx_word' id='word_1_572' title='bbox 964 3923 1023 3981; x_wconf 85' lang='lat' dir='ltr'>Ilu-</span> <span class='ocrx_word' id='word_1_573' title='bbox 1067 3923 1166 3976; x_wconf 82' lang='lat' dir='ltr'>astate</span> <span class='ocrx_word' id='word_1_574' title='bbox 1186 3915 1329 3986; x_wconf 79' lang='lat' dir='ltr'>videlicet,</span> <span class='ocrx_word' id='word_1_575' title='bbox 1346 3916 1407 3972; x_wconf 87' lang='lat' dir='ltr'>sire</span> <span class='ocrx_word' id='word_1_576' title='bbox 1421 3917 1525 3987; x_wconf 88' lang='lat' dir='ltr'>bieme,</span> <span class='ocrx_word' id='word_1_577' title='bbox 1542 3915 1634 3974; x_wconf 90' lang='lat' dir='ltr'>tribus</span> <span class='ocrx_word' id='word_1_578' title='bbox 1647 3933 1698 3991; x_wconf 90' lang='lat' dir='ltr'>per</span> <span class='ocrx_word' id='word_1_579' title='bbox 1713 3921 1922 3986; x_wconf 86' lang='lat' dir='ltr'>hebdomadam</span> 
     </span>
     <span class='ocr_line' id='line_1_41' title="bbox 165 4005 1924 4086; baseline 0.001 -17"><span class='ocrx_word' id='word_1_580' title='bbox 165 4009 278 4069; x_wconf 90' lang='lat' dir='ltr'>mualdi</span> <span class='ocrx_word' id='word_1_581' title='bbox 320 4010 540 4082; x_wconf 90' lang='lat' dir='ltr'>traditionibus,</span> <span class='ocrx_word' id='word_1_582' title='bbox 569 4018 597 4070; x_wconf 90' lang='lat' dir='ltr'>et</span> <span class='ocrx_word' id='word_1_583' title='bbox 634 4018 848 4072; x_wconf 91' lang='lat' dir='ltr'>antecessorum</span> <span class='ocrx_word' id='word_1_584' title='bbox 890 4014 1023 4072; x_wconf 91' lang='lat' dir='ltr'>omnium</span> <span class='ocrx_word' id='word_1_585' title='bbox 1067 4005 1373 4079; x_wconf 83' lang='lat' dir='ltr'>diebusJ&#39;ejuuarein</span> <span class='ocrx_word' id='word_1_586' title='bbox 1396 4013 1687 4078; x_wconf 87' lang='lat' dir='ltr'>paneetaquacum</span> <span class='ocrx_word' id='word_1_587' title='bbox 1713 4008 1924 4086; x_wconf 79' lang='lat' dir='ltr'>Dciadjutorio</span> 
     </span>
     <span class='ocr_line' id='line_1_42' title="bbox 165 4095 1927 4173; baseline 0.005 -17"><span class='ocrx_word' id='word_1_588' title='bbox 165 4098 303 4170; x_wconf 76' lang='lat' dir='ltr'>scriptis3</span> <span class='ocrx_word' id='word_1_589' title='bbox 328 4098 374 4157; x_wconf 83' lang='lat' dir='ltr'>vel</span> <span class='ocrx_word' id='word_1_590' title='bbox 401 4115 452 4171; x_wconf 87' lang='lat' dir='ltr'>per</span> <span class='ocrx_word' id='word_1_591' title='bbox 473 4115 576 4159; x_wconf 92' lang='lat' dir='ltr'>manus</span> <span class='ocrx_word' id='word_1_592' title='bbox 598 4100 735 4158; x_wconf 89' lang='lat' dir='ltr'>traductis</span> <span class='ocrx_word' id='word_1_593' title='bbox 761 4100 1024 4159; x_wconf 87' lang='lat' dir='ltr'>consuetudinibus</span> <span class='ocrx_word' id='word_1_594' title='bbox 1069 4096 1206 4154; x_wconf 78' lang='lat' dir='ltr'>facillime</span> <span class='ocrx_word' id='word_1_595' title='bbox 1226 4111 1318 4169; x_wconf 89' lang='lat' dir='ltr'>posse,</span> <span class='ocrx_word' id='word_1_596' title='bbox 1336 4095 1516 4170; x_wconf 90' lang='lat' dir='ltr'>etquoniam</span> <span class='ocrx_word' id='word_1_597' title='bbox 1543 4095 1665 4154; x_wconf 85' lang='lat' dir='ltr'>Sabbata</span> <span class='ocrx_word' id='word_1_598' title='bbox 1688 4100 1819 4173; x_wconf 80' lang='lat' dir='ltr'>jejunare</span> <span class='ocrx_word' id='word_1_599' title='bbox 1843 4121 1927 4165; x_wconf 82' lang='lat' dir='ltr'>cano·</span> 
     </span>
     <span class='ocr_line' id='line_1_43' title="bbox 165 4186 1925 4264; baseline 0.005 -19"><span class='ocrx_word' id='word_1_600' title='bbox 165 4186 326 4256; x_wconf 88' lang='lat' dir='ltr'>collectam,</span> <span class='ocrx_word' id='word_1_601' title='bbox 342 4188 473 4261; x_wconf 85' lang='lat' dir='ltr'>regulam</span> <span class='ocrx_word' id='word_1_602' title='bbox 500 4188 687 4260; x_wconf 87' lang='lat' dir='ltr'>eremiticam,</span> <span class='ocrx_word' id='word_1_603' title='bbox 702 4190 759 4248; x_wconf 88' lang='lat' dir='ltr'>nisi</span> <span class='ocrx_word' id='word_1_604' title='bbox 785 4188 862 4246; x_wconf 90' lang='lat' dir='ltr'>Petri</span> <span class='ocrx_word' id='word_1_605' title='bbox 889 4189 1023 4248; x_wconf 80' lang='lat' dir='ltr'>[tauriani</span> <span class='ocrx_word' id='word_1_606' title='bbox 1069 4187 1142 4246; x_wconf 76' lang='lat' dir='ltr'>uicta</span> <span class='ocrx_word' id='word_1_607' title='bbox 1165 4186 1327 4245; x_wconf 90' lang='lat' dir='ltr'>traditionis</span> <span class='ocrx_word' id='word_1_608' title='bbox 1350 4186 1550 4244; x_wconf 83' lang='lat' dir='ltr'>authenticum</span> <span class='ocrx_word' id='word_1_609' title='bbox 1570 4193 1622 4254; x_wconf 87' lang='lat' dir='ltr'>est,</span> <span class='ocrx_word' id='word_1_610' title='bbox 1640 4203 1699 4246; x_wconf 91' lang='lat' dir='ltr'>non</span> <span class='ocrx_word' id='word_1_611' title='bbox 1718 4207 1807 4264; x_wconf 82' lang='lat' dir='ltr'>grave</span> <span class='ocrx_word' id='word_1_612' title='bbox 1826 4194 1925 4253; x_wconf 81' lang='lat' dir='ltr'>ridea-</span> 
     </span>
     <span class='ocr_line' id='line_1_44' title="bbox 165 4274 1925 4352; baseline 0.008 -21"><span class='ocrx_word' id='word_1_613' title='bbox 165 4274 429 4348; x_wconf 73' lang='lat' dir='ltr'>cognatolrbcllor</span> <span class='ocrx_word' id='word_1_614' title='bbox 454 4275 491 4334; x_wconf 89' lang='lat' dir='ltr'>De</span> <span class='ocrx_word' id='word_1_615' title='bbox 514 4292 576 4335; x_wconf 75' lang='lat' dir='ltr'>sua&gt;</span> <span class='ocrx_word' id='word_1_616' title='bbox 600 4275 830 4352; x_wconf 85' lang='lat' dir='ltr'>congregationis</span> <span class='ocrx_word' id='word_1_617' title='bbox 851 4276 1022 4336; x_wconf 80' lang='lat' dir='ltr'>institutis»</span> <span class='ocrx_word' id='word_1_618' title='bbox 1069 4282 1115 4334; x_wconf 90' lang='lat' dir='ltr'>tur</span> <span class='ocrx_word' id='word_1_619' title='bbox 1141 4277 1222 4334; x_wconf 84' lang='lat' dir='ltr'>tratri</span> <span class='ocrx_word' id='word_1_620' title='bbox 1249 4276 1335 4334; x_wconf 89' lang='lat' dir='ltr'>etiam</span> <span class='ocrx_word' id='word_1_621' title='bbox 1376 4274 1500 4334; x_wconf 86' lang='lat' dir='ltr'>Sabbato</span> <span class='ocrx_word' id='word_1_622' title='bbox 1533 4277 1715 4337; x_wconf 87' lang='lat' dir='ltr'>reiectionem</span> <span class='ocrx_word' id='word_1_623' title='bbox 1748 4288 1782 4341; x_wconf 89' lang='lat' dir='ltr'>ad</span> <span class='ocrx_word' id='word_1_624' title='bbox 1817 4300 1925 4344; x_wconf 90' lang='lat' dir='ltr'>uenam</span> 
     </span>
     <span class='ocr_line' id='line_1_45' title="bbox 166 4363 1926 4446; baseline 0.006 -23"><span class='ocrx_word' id='word_1_625' title='bbox 166 4365 302 4423; x_wconf 86' lang='lat' dir='ltr'>tractanti</span> <span class='ocrx_word' id='word_1_626' title='bbox 326 4364 552 4441; x_wconf 90' lang='lat' dir='ltr'>copularetur,a</span> <span class='ocrx_word' id='word_1_627' title='bbox 574 4384 631 4442; x_wconf 93' lang='lat' dir='ltr'>quo</span> <span class='ocrx_word' id='word_1_628' title='bbox 654 4368 807 4442; x_wconf 82' lang='lat' dir='ltr'>majorem,</span> <span class='ocrx_word' id='word_1_629' title='bbox 823 4372 851 4425; x_wconf 92' lang='lat' dir='ltr'>et</span> <span class='ocrx_word' id='word_1_630' title='bbox 876 4366 982 4440; x_wconf 91' lang='lat' dir='ltr'>lucem,</span> <span class='ocrx_word' id='word_1_631' title='bbox 997 4376 1024 4428; x_wconf 93' lang='lat' dir='ltr'>et</span> <span class='ocrx_word' id='word_1_632' title='bbox 1067 4365 1169 4424; x_wconf 91' lang='lat' dir='ltr'>boram</span> <span class='ocrx_word' id='word_1_633' title='bbox 1196 4381 1289 4441; x_wconf 87' lang='lat' dir='ltr'>usque</span> <span class='ocrx_word' id='word_1_634' title='bbox 1315 4363 1441 4432; x_wconf 80' lang='lat' dir='ltr'>differre,</span> <span class='ocrx_word' id='word_1_635' title='bbox 1470 4371 1502 4423; x_wconf 92' lang='lat' dir='ltr'>ut</span> <span class='ocrx_word' id='word_1_636' title='bbox 1527 4363 1616 4423; x_wconf 91' lang='lat' dir='ltr'>semel</span> <span class='ocrx_word' id='word_1_637' title='bbox 1644 4369 1762 4442; x_wconf 91' lang='lat' dir='ltr'>quidem</span> <span class='ocrx_word' id='word_1_638' title='bbox 1791 4373 1853 4446; x_wconf 89' lang='lat' dir='ltr'>ipso</span> <span class='ocrx_word' id='word_1_639' title='bbox 1879 4376 1926 4433; x_wconf 92' lang='lat' dir='ltr'>die</span> 
     </span>
     <span class='ocr_line' id='line_1_46' title="bbox 165 4454 1923 4535; baseline 0.006 -22"><span class='ocrx_word' id='word_1_640' title='bbox 165 4454 335 4514; x_wconf 84' lang='lat' dir='ltr'>firmitatem</span> <span class='ocrx_word' id='word_1_641' title='bbox 346 4455 497 4529; x_wconf 85' lang='lat' dir='ltr'>acciperet.</span> <span class='ocrx_word' id='word_1_642' title='bbox 1069 4457 1224 4526; x_wconf 81' lang='lat' dir='ltr'>reficiatur,</span> <span class='ocrx_word' id='word_1_643' title='bbox 1253 4454 1302 4514; x_wconf 90' lang='lat' dir='ltr'>sed</span> <span class='ocrx_word' id='word_1_644' title='bbox 1341 4462 1436 4513; x_wconf 88' lang='lat' dir='ltr'>tamen</span> <span class='ocrx_word' id='word_1_645' title='bbox 1476 4455 1580 4515; x_wconf 82' lang='lat' dir='ltr'>virium</span> <span class='ocrx_word' id='word_1_646' title='bbox 1618 4465 1703 4533; x_wconf 90' lang='lat' dir='ltr'>atque</span> <span class='ocrx_word' id='word_1_647' title='bbox 1739 4464 1923 4535; x_wconf 88' lang='lat' dir='ltr'>pulmentum</span> 
     </span>
     <span class='ocr_line' id='line_1_47' title="bbox 205 4544 1926 4625; baseline 0.005 -22"><span class='ocrx_word' id='word_1_648' title='bbox 205 4544 240 4604; x_wconf 92' lang='lat' dir='ltr'>V.</span> <span class='ocrx_word' id='word_1_649' title='bbox 254 4545 317 4604; x_wconf 90' lang='lat' dir='ltr'>lmo</span> <span class='ocrx_word' id='word_1_650' title='bbox 344 4547 466 4619; x_wconf 88' lang='lat' dir='ltr'>ipsamet</span> <span class='ocrx_word' id='word_1_651' title='bbox 487 4571 497 4596; x_wconf 83' lang='grc' dir='ltr'>ι</span> <span class='ocrx_word' id='word_1_652' title='bbox 516 4545 593 4604; x_wconf 88' lang='lat' dir='ltr'>Petri</span> <span class='ocrx_word' id='word_1_653' title='bbox 610 4545 748 4605; x_wconf 87' lang='lat' dir='ltr'>Damiaui</span> <span class='ocrx_word' id='word_1_654' title='bbox 772 4547 920 4606; x_wconf 88' lang='lat' dir='ltr'>eremitica</span> <span class='ocrx_word' id='word_1_655' title='bbox 936 4562 1023 4619; x_wconf 86' lang='lat' dir='ltr'>regu-</span> <span class='ocrx_word' id='word_1_656' title='bbox 1070 4547 1215 4621; x_wconf 86' lang='lat' dir='ltr'>percipere</span> <span class='ocrx_word' id='word_1_657' title='bbox 1242 4562 1280 4604; x_wconf 82' lang='lat' dir='ltr'>ex</span> <span class='ocrx_word' id='word_1_658' title='bbox 1309 4546 1397 4620; x_wconf 86' lang='lat' dir='ltr'>bajus</span> <span class='ocrx_word' id='word_1_659' title='bbox 1423 4551 1529 4604; x_wconf 84' lang='lat' dir='ltr'>nostrae</span> <span class='ocrx_word' id='word_1_660' title='bbox 1555 4546 1747 4608; x_wconf 90' lang='lat' dir='ltr'>institutionis</span> <span class='ocrx_word' id='word_1_661' title='bbox 1772 4551 1926 4625; x_wconf 87' lang='lat' dir='ltr'>indulgen-</span> 
     </span>
     <span class='ocr_line' id='line_1_48' title="bbox 166 4606 1923 4712; baseline 0.006 -20"><span class='ocrx_word' id='word_1_662' title='bbox 166 4633 226 4692; x_wconf 73' lang='lat' dir='ltr'>la»</span> <span class='ocrx_word' id='word_1_663' title='bbox 246 4633 278 4691; x_wconf 92' lang='lat' dir='ltr'>in</span> <span class='ocrx_word' id='word_1_664' title='bbox 300 4649 396 4691; x_wconf 82' lang='lat' dir='ltr'>eremo</span> <span class='ocrx_word' id='word_1_665' title='bbox 419 4632 636 4692; x_wconf 86' lang='lat' dir='ltr'>Camaldulensi</span> <span class='ocrx_word' id='word_1_666' title='bbox 660 4633 721 4693; x_wconf 90' lang='lat' dir='ltr'>sola</span> <span class='ocrx_word' id='word_1_667' title='bbox 745 4636 781 4693; x_wconf 92' lang='lat' dir='ltr'>ad</span> <span class='ocrx_word' id='word_1_668' title='bbox 806 4606 1107 4696; x_wconf 75' lang='lat' dir='ltr'>observanduthia</span> <span class='ocrx_word' id='word_1_669' title='bbox 1135 4654 1192 4697; x_wconf 93' lang='lat' dir='ltr'>non</span> <span class='ocrx_word' id='word_1_670' title='bbox 1222 4644 1345 4696; x_wconf 72' lang='lat' dir='ltr'>vetetur.</span> <span class='ocrx_word' id='word_1_671' title='bbox 1373 4638 1407 4695; x_wconf 80' lang='lat' dir='ltr'>lit</span> <span class='ocrx_word' id='word_1_672' title='bbox 1436 4638 1489 4696; x_wconf 87' lang='lat' dir='ltr'>lice</span> <span class='ocrx_word' id='word_1_673' title='bbox 1515 4638 1634 4712; x_wconf 91' lang='lat' dir='ltr'>quidem</span> <span class='ocrx_word' id='word_1_674' title='bbox 1664 4648 1771 4712; x_wconf 76' lang='lat' dir='ltr'>aestate,</span> <span class='ocrx_word' id='word_1_675' title='bbox 1792 4659 1861 4702; x_wconf 91' lang='lat' dir='ltr'>nam</span> <span class='ocrx_word' id='word_1_676' title='bbox 1887 4646 1923 4703; x_wconf 91' lang='lat' dir='ltr'>ab</span> 
     </span>
     <span class='ocr_line' id='line_1_49' title="bbox 164 4721 1922 4804; baseline 0.008 -26"><span class='ocrx_word' id='word_1_677' title='bbox 164 4721 337 4796; x_wconf 89' lang='lat' dir='ltr'>aliquandiu</span> <span class='ocrx_word' id='word_1_678' title='bbox 363 4723 507 4796; x_wconf 91' lang='lat' dir='ltr'>proposita</span> <span class='ocrx_word' id='word_1_679' title='bbox 534 4723 656 4794; x_wconf 76' lang='lat' dir='ltr'>exstitit,</span> <span class='ocrx_word' id='word_1_680' title='bbox 672 4723 805 4783; x_wconf 80' lang='lat' dir='ltr'>videlicet</span> <span class='ocrx_word' id='word_1_681' title='bbox 833 4724 1023 4800; x_wconf 90' lang='lat' dir='ltr'>usquedum</span> <span class='ocrx_word' id='word_1_682' title='bbox 1066 4726 1165 4787; x_wconf 89' lang='lat' dir='ltr'>Idibus</span> <span class='ocrx_word' id='word_1_683' title='bbox 1203 4727 1375 4801; x_wconf 87' lang='lat' dir='ltr'>septembris</span> <span class='ocrx_word' id='word_1_684' title='bbox 1401 4742 1494 4800; x_wconf 91' lang='lat' dir='ltr'>usquc</span> <span class='ocrx_word' id='word_1_685' title='bbox 1520 4728 1555 4785; x_wconf 93' lang='lat' dir='ltr'>ad</span> <span class='ocrx_word' id='word_1_686' title='bbox 1589 4728 1724 4788; x_wconf 87' lang='lat' dir='ltr'>Pascbalc</span> <span class='ocrx_word' id='word_1_687' title='bbox 1758 4732 1922 4804; x_wconf 84' lang='lat' dir='ltr'>gaudium,</span> 
     </span>
     <span class='ocr_line' id='line_1_50' title="bbox 164 4810 1920 4892; baseline 0.005 -22"><span class='ocrx_word' id='word_1_688' title='bbox 164 4810 200 4870; x_wconf 88' lang='lat' dir='ltr'>B.</span> <span class='ocrx_word' id='word_1_689' title='bbox 215 4811 389 4885; x_wconf 85' lang='lat' dir='ltr'>ilodulpbus</span> <span class='ocrx_word' id='word_1_690' title='bbox 403 4812 483 4885; x_wconf 90' lang='lat' dir='ltr'>prior</span> <span class='ocrx_word' id='word_1_691' title='bbox 506 4828 573 4872; x_wconf 90' lang='lat' dir='ltr'>suas</span> <span class='ocrx_word' id='word_1_692' title='bbox 591 4814 688 4871; x_wconf 90' lang='lat' dir='ltr'>ederet</span> <span class='ocrx_word' id='word_1_693' title='bbox 703 4816 934 4876; x_wconf 90' lang='lat' dir='ltr'>constitutiones.</span> <span class='ocrx_word' id='word_1_694' title='bbox 950 4814 1020 4886; x_wconf 83' lang='lat' dir='ltr'>Qui·</span> <span class='ocrx_word' id='word_1_695' title='bbox 1065 4825 1190 4890; x_wconf 91' lang='lat' dir='ltr'>quatuor</span> <span class='ocrx_word' id='word_1_696' title='bbox 1214 4833 1265 4891; x_wconf 90' lang='lat' dir='ltr'>per</span> <span class='ocrx_word' id='word_1_697' title='bbox 1291 4814 1501 4873; x_wconf 87' lang='lat' dir='ltr'>hebdomadam</span> <span class='ocrx_word' id='word_1_698' title='bbox 1527 4816 1629 4875; x_wconf 90' lang='lat' dir='ltr'>diebus</span> <span class='ocrx_word' id='word_1_699' title='bbox 1653 4817 1765 4875; x_wconf 87' lang='lat' dir='ltr'>noverit</span> <span class='ocrx_word' id='word_1_700' title='bbox 1784 4819 1920 4892; x_wconf 85' lang='lat' dir='ltr'>jejunan-</span> 
     </span>
     <span class='ocr_line' id='line_1_51' title="bbox 164 4898 1920 4979; baseline 0.005 -21"><span class='ocrx_word' id='word_1_701' title='bbox 164 4898 222 4958; x_wconf 88' lang='lat' dir='ltr'>bus</span> <span class='ocrx_word' id='word_1_702' title='bbox 242 4906 337 4958; x_wconf 79' lang='lat' dir='ltr'>tamm</span> <span class='ocrx_word' id='word_1_703' title='bbox 360 4915 418 4958; x_wconf 89' lang='lat' dir='ltr'>non</span> <span class='ocrx_word' id='word_1_704' title='bbox 438 4909 586 4975; x_wconf 90' lang='lat' dir='ltr'>propterea</span> <span class='ocrx_word' id='word_1_705' title='bbox 602 4903 666 4977; x_wconf 83' lang='lat' dir='ltr'>ejus</span> <span class='ocrx_word' id='word_1_706' title='bbox 685 4904 730 4961; x_wconf 86' lang='lat' dir='ltr'>vis</span> <span class='ocrx_word' id='word_1_707' title='bbox 749 4904 866 4977; x_wconf 86' lang='lat' dir='ltr'>penitus</span> <span class='ocrx_word' id='word_1_708' title='bbox 886 4903 1023 4977; x_wconf 87' lang='lat' dir='ltr'>abrogata</span> <span class='ocrx_word' id='word_1_709' title='bbox 1066 4904 1158 4974; x_wconf 89' lang='lat' dir='ltr'>dum;</span> <span class='ocrx_word' id='word_1_710' title='bbox 1175 4903 1226 4962; x_wconf 87' lang='lat' dir='ltr'>sed</span> <span class='ocrx_word' id='word_1_711' title='bbox 1252 4911 1279 4962; x_wconf 91' lang='lat' dir='ltr'>et</span> <span class='ocrx_word' id='word_1_712' title='bbox 1303 4907 1327 4962; x_wconf 91' lang='lat' dir='ltr'>si</span> <span class='ocrx_word' id='word_1_713' title='bbox 1351 4902 1509 4977; x_wconf 92' lang='lat' dir='ltr'>aliquando</span> <span class='ocrx_word' id='word_1_714' title='bbox 1530 4911 1606 4962; x_wconf 89' lang='lat' dir='ltr'>tanta</span> <span class='ocrx_word' id='word_1_715' title='bbox 1625 4903 1758 4962; x_wconf 70' lang='lat' dir='ltr'>debilitas</span> <span class='ocrx_word' id='word_1_716' title='bbox 1774 4907 1920 4979; x_wconf 82' lang='lat' dir='ltr'>acciderit,</span> 
     </span>
     <span class='ocr_line' id='line_1_52' title="bbox 163 4988 1923 5068; baseline 0.005 -22"><span class='ocrx_word' id='word_1_717' title='bbox 163 4988 282 5058; x_wconf 86' lang='lat' dir='ltr'>est,sed</span> <span class='ocrx_word' id='word_1_718' title='bbox 307 5005 374 5058; x_wconf 91' lang='lat' dir='ltr'>uno,</span> <span class='ocrx_word' id='word_1_719' title='bbox 392 4988 436 5046; x_wconf 84' lang='lat' dir='ltr'>rel</span> <span class='ocrx_word' id='word_1_720' title='bbox 461 4989 552 5049; x_wconf 90' lang='lat' dir='ltr'>altero</span> <span class='ocrx_word' id='word_1_721' title='bbox 575 4991 719 5050; x_wconf 80' lang='lat' dir='ltr'>duntaxat</span> <span class='ocrx_word' id='word_1_722' title='bbox 744 4993 867 5052; x_wconf 92' lang='lat' dir='ltr'>articulo</span> <span class='ocrx_word' id='word_1_723' title='bbox 891 4999 1020 5066; x_wconf 80' lang='lat' dir='ltr'>excepto,</span> <span class='ocrx_word' id='word_1_724' title='bbox 1067 4989 1188 5048; x_wconf 86' lang='lat' dir='ltr'>hiberno</span> <span class='ocrx_word' id='word_1_725' title='bbox 1212 4990 1299 5047; x_wconf 88' lang='lat' dir='ltr'>etiam</span> <span class='ocrx_word' id='word_1_726' title='bbox 1331 4997 1457 5064; x_wconf 92' lang='lat' dir='ltr'>tempore</span> <span class='ocrx_word' id='word_1_727' title='bbox 1483 4990 1530 5048; x_wconf 90' lang='lat' dir='ltr'>die</span> <span class='ocrx_word' id='word_1_728' title='bbox 1557 4990 1691 5059; x_wconf 88' lang='lat' dir='ltr'>Sabbati,</span> <span class='ocrx_word' id='word_1_729' title='bbox 1718 4999 1768 5050; x_wconf 88' lang='lat' dir='ltr'>ant</span> <span class='ocrx_word' id='word_1_730' title='bbox 1794 4993 1923 5068; x_wconf 86' lang='lat' dir='ltr'>legumi-</span> 
     </span>
     <span class='ocr_line' id='line_1_53' title="bbox 163 5075 1920 5155; baseline 0.006 -23"><span class='ocrx_word' id='word_1_731' title='bbox 163 5076 197 5133; x_wconf 91' lang='lat' dir='ltr'>in</span> <span class='ocrx_word' id='word_1_732' title='bbox 216 5075 339 5149; x_wconf 88' lang='lat' dir='ltr'>reliquis</span> <span class='ocrx_word' id='word_1_733' title='bbox 355 5076 452 5137; x_wconf 89' lang='lat' dir='ltr'>adbuc</span> <span class='ocrx_word' id='word_1_734' title='bbox 468 5095 603 5154; x_wconf 86' lang='lat' dir='ltr'>expresse</span> <span class='ocrx_word' id='word_1_735' title='bbox 621 5082 775 5155; x_wconf 90' lang='lat' dir='ltr'>approbata</span> <span class='ocrx_word' id='word_1_736' title='bbox 795 5083 901 5141; x_wconf 91' lang='lat' dir='ltr'>mansit</span> <span class='ocrx_word' id='word_1_737' title='bbox 912 5082 949 5141; x_wconf 90' lang='lat' dir='ltr'>ab</span> <span class='ocrx_word' id='word_1_738' title='bbox 973 5098 1021 5141; x_wconf 91' lang='lat' dir='ltr'>eo·</span> <span class='ocrx_word' id='word_1_739' title='bbox 1066 5077 1153 5137; x_wconf 86' lang='lat' dir='ltr'>nibus</span> <span class='ocrx_word' id='word_1_740' title='bbox 1179 5079 1294 5150; x_wconf 85' lang='lat' dir='ltr'>infusis,</span> <span class='ocrx_word' id='word_1_741' title='bbox 1309 5085 1360 5137; x_wconf 92' lang='lat' dir='ltr'>aut</span> <span class='ocrx_word' id='word_1_742' title='bbox 1385 5077 1540 5135; x_wconf 85' lang='lat' dir='ltr'>herbarum</span> <span class='ocrx_word' id='word_1_743' title='bbox 1570 5077 1723 5149; x_wconf 86' lang='lat' dir='ltr'>radicibus,</span> <span class='ocrx_word' id='word_1_744' title='bbox 1748 5079 1810 5139; x_wconf 88' lang='lat' dir='ltr'>sire</span> <span class='ocrx_word' id='word_1_745' title='bbox 1833 5085 1920 5142; x_wconf 89' lang='lat' dir='ltr'>etiarn</span> 
     </span>
     <span class='ocr_line' id='line_1_54' title="bbox 165 5161 1920 5251; baseline 0.008 -31"><span class='ocrx_word' id='word_1_746' title='bbox 165 5162 232 5220; x_wconf 91' lang='lat' dir='ltr'>dem</span> <span class='ocrx_word' id='word_1_747' title='bbox 254 5161 420 5238; x_wconf 87' lang='lat' dir='ltr'>Rodulpbo,</span> <span class='ocrx_word' id='word_1_748' title='bbox 438 5166 489 5239; x_wconf 94' lang='lat' dir='ltr'>qui</span> <span class='ocrx_word' id='word_1_749' title='bbox 514 5166 544 5224; x_wconf 93' lang='lat' dir='ltr'>in</span> <span class='ocrx_word' id='word_1_750' title='bbox 567 5167 825 5227; x_wconf 90' lang='lat' dir='ltr'>constitutionibus</span> <span class='ocrx_word' id='word_1_751' title='bbox 845 5170 915 5227; x_wconf 92' lang='lat' dir='ltr'>anni</span> <span class='ocrx_word' id='word_1_752' title='bbox 941 5169 1021 5240; x_wconf 66' lang='lat'>1085,</span> <span class='ocrx_word' id='word_1_753' title='bbox 1066 5170 1170 5244; x_wconf 90' lang='lat' dir='ltr'>pomis,</span> <span class='ocrx_word' id='word_1_754' title='bbox 1188 5171 1305 5231; x_wconf 89' lang='lat' dir='ltr'>solitum</span> <span class='ocrx_word' id='word_1_755' title='bbox 1336 5170 1433 5228; x_wconf 84' lang='lat' dir='ltr'>licebit</span> <span class='ocrx_word' id='word_1_756' title='bbox 1459 5166 1669 5243; x_wconf 89' lang='lat' dir='ltr'>aliquantisper</span> <span class='ocrx_word' id='word_1_757' title='bbox 1697 5177 1855 5245; x_wconf 87' lang='lat' dir='ltr'>temperare</span> <span class='ocrx_word' id='word_1_758' title='bbox 1875 5177 1920 5251; x_wconf 88' lang='lat' dir='ltr'>je-</span> 
     </span>
     <span class='ocr_line' id='line_1_55' title="bbox 165 5253 1918 5331; baseline 0.006 -20"><span class='ocrx_word' id='word_1_759' title='bbox 165 5253 208 5311; x_wconf 89' lang='lat' dir='ltr'>sic</span> <span class='ocrx_word' id='word_1_760' title='bbox 221 5253 281 5312; x_wconf 84' lang='lat' dir='ltr'>ait:</span> <span class='ocrx_word' id='word_1_761' title='bbox 299 5279 310 5307; x_wconf 78' lang='grc' dir='ltr'>ι</span> <span class='ocrx_word' id='word_1_762' title='bbox 328 5253 541 5330; x_wconf 86' lang='lat' dir='ltr'>Unusquisque</span> <span class='ocrx_word' id='word_1_763' title='bbox 559 5259 647 5316; x_wconf 84' lang='lat' dir='ltr'>irater</span> <span class='ocrx_word' id='word_1_764' title='bbox 667 5258 763 5318; x_wconf 90' lang='lat' dir='ltr'>lances</span> <span class='ocrx_word' id='word_1_765' title='bbox 783 5261 814 5317; x_wconf 93' lang='lat' dir='ltr'>in</span> <span class='ocrx_word' id='word_1_766' title='bbox 834 5259 906 5318; x_wconf 91' lang='lat' dir='ltr'>cella</span> <span class='ocrx_word' id='word_1_767' title='bbox 926 5260 1022 5330; x_wconf 88' lang='lat' dir='ltr'>babet,</span> <span class='ocrx_word' id='word_1_768' title='bbox 1063 5258 1183 5331; x_wconf 90' lang='lat' dir='ltr'>junium</span> <span class='ocrx_word' id='word_1_769' title='bbox 1200 5279 1205 5316; x_wconf 93' lang='lat'>:</span> <span class='ocrx_word' id='word_1_770' title='bbox 1223 5259 1262 5317; x_wconf 89' lang='lat' dir='ltr'>ita</span> <span class='ocrx_word' id='word_1_771' title='bbox 1290 5268 1396 5326; x_wconf 82' lang='lat' dir='ltr'>minen,</span> <span class='ocrx_word' id='word_1_772' title='bbox 1413 5265 1444 5314; x_wconf 91' lang='lat' dir='ltr'>nt</span> <span class='ocrx_word' id='word_1_773' title='bbox 1472 5255 1496 5311; x_wconf 92' lang='lat' dir='ltr'>si</span> <span class='ocrx_word' id='word_1_774' title='bbox 1522 5270 1616 5313; x_wconf 93' lang='lat' dir='ltr'>unum</span> <span class='ocrx_word' id='word_1_775' title='bbox 1639 5258 1787 5331; x_wconf 88' lang='lat' dir='ltr'>quodlibet</span> <span class='ocrx_word' id='word_1_776' title='bbox 1815 5261 1918 5323; x_wconf 89' lang='lat' dir='ltr'>borum</span> 
     </span>
     <span class='ocr_line' id='line_1_56' title="bbox 165 5345 1919 5432; baseline 0.007 -31"><span class='ocrx_word' id='word_1_777' title='bbox 165 5358 233 5401; x_wconf 90' lang='lat' dir='ltr'>cum</span> <span class='ocrx_word' id='word_1_778' title='bbox 255 5345 363 5418; x_wconf 86' lang='lat' dir='ltr'>quibus</span> <span class='ocrx_word' id='word_1_779' title='bbox 389 5355 489 5420; x_wconf 88' lang='lat' dir='ltr'>pensat</span> <span class='ocrx_word' id='word_1_780' title='bbox 512 5352 568 5405; x_wconf 89' lang='lat' dir='ltr'>tres</span> <span class='ocrx_word' id='word_1_781' title='bbox 581 5364 687 5432; x_wconf 81' lang='lat' dir='ltr'>panes,</span> <span class='ocrx_word' id='word_1_782' title='bbox 705 5366 777 5424; x_wconf 92' lang='lat' dir='ltr'>quos</span> <span class='ocrx_word' id='word_1_783' title='bbox 797 5350 900 5425; x_wconf 91' lang='lat' dir='ltr'>accipit</span> <span class='ocrx_word' id='word_1_784' title='bbox 921 5367 1022 5410; x_wconf 86' lang='lat' dir='ltr'>omrres</span> <span class='ocrx_word' id='word_1_785' title='bbox 1067 5356 1172 5426; x_wconf 83' lang='lat' dir='ltr'>seruat,</span> <span class='ocrx_word' id='word_1_786' title='bbox 1189 5349 1280 5420; x_wconf 90' lang='lat' dir='ltr'>aliud,</span> <span class='ocrx_word' id='word_1_787' title='bbox 1299 5347 1355 5404; x_wconf 86' lang='lat' dir='ltr'>nisi</span> <span class='ocrx_word' id='word_1_788' title='bbox 1371 5361 1447 5403; x_wconf 80' lang='lat' dir='ltr'>uerae</span> <span class='ocrx_word' id='word_1_789' title='bbox 1468 5345 1643 5404; x_wconf 74' lang='lat' dir='ltr'>necessitatis</span> <span class='ocrx_word' id='word_1_790' title='bbox 1660 5363 1746 5408; x_wconf 91' lang='lat' dir='ltr'>causa</span> <span class='ocrx_word' id='word_1_791' title='bbox 1760 5350 1919 5426; x_wconf 76' lang='lat' dir='ltr'>dictaverit,</span> 
     </span>
     <span class='ocr_line' id='line_1_57' title="bbox 166 5431 1918 5524; baseline 0.013 -35"><span class='ocrx_word' id='word_1_792' title='bbox 166 5433 228 5489; x_wconf 87' lang='lat' dir='ltr'>dies</span> <span class='ocrx_word' id='word_1_793' title='bbox 254 5431 420 5492; x_wconf 86' lang='lat' dir='ltr'>Dominicos</span> <span class='ocrx_word' id='word_1_794' title='bbox 441 5440 470 5492; x_wconf 90' lang='lat' dir='ltr'>et</span> <span class='ocrx_word' id='word_1_795' title='bbox 495 5435 599 5510; x_wconf 91' lang='lat' dir='ltr'>quinta</span> <span class='ocrx_word' id='word_1_796' title='bbox 621 5438 702 5494; x_wconf 84' lang='lat' dir='ltr'>teria.</span> <span class='ocrx_word' id='word_1_797' title='bbox 721 5437 756 5494; x_wconf 83' lang='lat' dir='ltr'>Et</span> <span class='ocrx_word' id='word_1_798' title='bbox 776 5438 834 5497; x_wconf 91' lang='lat' dir='ltr'>alia</span> <span class='ocrx_word' id='word_1_799' title='bbox 859 5439 950 5498; x_wconf 90' lang='lat' dir='ltr'>multa</span> <span class='ocrx_word' id='word_1_800' title='bbox 974 5439 1022 5497; x_wconf 91' lang='lat' dir='ltr'>bis</span> <span class='ocrx_word' id='word_1_801' title='bbox 1068 5459 1125 5501; x_wconf 89' lang='lat' dir='ltr'>non</span> <span class='ocrx_word' id='word_1_802' title='bbox 1145 5442 1268 5517; x_wconf 82' lang='lat' dir='ltr'>adjiciat.</span> <span class='ocrx_word' id='word_1_803' title='bbox 1290 5441 1437 5501; x_wconf 90' lang='lat' dir='ltr'>Postremo</span> <span class='ocrx_word' id='word_1_804' title='bbox 1457 5449 1562 5513; x_wconf 90' lang='lat' dir='ltr'>tamen,</span> <span class='ocrx_word' id='word_1_805' title='bbox 1579 5452 1693 5519; x_wconf 89' lang='lat' dir='ltr'>propter</span> <span class='ocrx_word' id='word_1_806' title='bbox 1707 5448 1918 5524; x_wconf 88' lang='lat' dir='ltr'>pusillanimes,</span> 
     </span>
     <span class='ocr_line' id='line_1_58' title="bbox 165 5523 1920 5613; baseline 0.011 -34"><span class='ocrx_word' id='word_1_807' title='bbox 165 5523 307 5581; x_wconf 84' lang='lat' dir='ltr'>tratribus</span> <span class='ocrx_word' id='word_1_808' title='bbox 321 5525 491 5594; x_wconf 89' lang='lat' dir='ltr'>necessaria,</span> <span class='ocrx_word' id='word_1_809' title='bbox 507 5541 573 5601; x_wconf 84' lang='lat' dir='ltr'>quae</span> <span class='ocrx_word' id='word_1_810' title='bbox 587 5528 684 5586; x_wconf 90' lang='lat' dir='ltr'>omnia</span> <span class='ocrx_word' id='word_1_811' title='bbox 702 5528 837 5602; x_wconf 88' lang='lat' dir='ltr'>prudenti</span> <span class='ocrx_word' id='word_1_812' title='bbox 852 5530 950 5589; x_wconf 91' lang='lat' dir='ltr'>lectori</span> <span class='ocrx_word' id='word_1_813' title='bbox 964 5549 1024 5590; x_wconf 85' lang='lat' dir='ltr'>ere</span> <span class='ocrx_word' id='word_1_814' title='bbox 1067 5532 1092 5590; x_wconf 88' lang='lat' dir='ltr'>si</span> <span class='ocrx_word' id='word_1_815' title='bbox 1111 5531 1165 5590; x_wconf 88' lang='lat' dir='ltr'>bec</span> <span class='ocrx_word' id='word_1_816' title='bbox 1182 5531 1337 5589; x_wconf 82' lang='lat' dir='ltr'>necessitas</span> <span class='ocrx_word' id='word_1_817' title='bbox 1356 5532 1476 5592; x_wconf 90' lang='lat' dir='ltr'>omnino</span> <span class='ocrx_word' id='word_1_818' title='bbox 1497 5536 1664 5608; x_wconf 83' lang='lat' dir='ltr'>poposcerit,</span> <span class='ocrx_word' id='word_1_819' title='bbox 1683 5552 1751 5611; x_wconf 83' lang='lat' dir='ltr'>qum</span> <span class='ocrx_word' id='word_1_820' title='bbox 1768 5538 1830 5597; x_wconf 88' lang='lat' dir='ltr'>ficri</span> <span class='ocrx_word' id='word_1_821' title='bbox 1854 5556 1920 5613; x_wconf 91' lang='lat' dir='ltr'>per·</span> 
     </span>
     <span class='ocr_line' id='line_1_59' title="bbox 165 5611 1921 5692; baseline 0.011 -23"><span class='ocrx_word' id='word_1_822' title='bbox 165 5611 265 5669; x_wconf 88' lang='lat' dir='ltr'>mitica</span> <span class='ocrx_word' id='word_1_823' title='bbox 291 5612 392 5686; x_wconf 89' lang='lat' dir='ltr'>regula</span> <span class='ocrx_word' id='word_1_824' title='bbox 412 5614 481 5673; x_wconf 86' lang='lat' dir='ltr'>satis</span> <span class='ocrx_word' id='word_1_825' title='bbox 505 5615 691 5675; x_wconf 89' lang='lat' dir='ltr'>demonstrat.</span> <span class='ocrx_word' id='word_1_826' title='bbox 714 5615 770 5675; x_wconf 88' lang='lat' dir='ltr'>Sed</span> <span class='ocrx_word' id='word_1_827' title='bbox 796 5619 1023 5689; x_wconf 80' lang='lat' dir='ltr'>praecavendum</span> <span class='ocrx_word' id='word_1_828' title='bbox 1068 5622 1156 5679; x_wconf 89' lang='lat' dir='ltr'>missa</span> <span class='ocrx_word' id='word_1_829' title='bbox 1181 5628 1224 5679; x_wconf 88' lang='lat' dir='ltr'>est</span> <span class='ocrx_word' id='word_1_830' title='bbox 1249 5621 1278 5680; x_wconf 91' lang='lat' dir='ltr'>in</span> <span class='ocrx_word' id='word_1_831' title='bbox 1310 5627 1419 5692; x_wconf 81' lang='lat' dir='ltr'>aestate,</span> <span class='ocrx_word' id='word_1_832' title='bbox 1443 5622 1543 5681; x_wconf 74' lang='lat' dir='ltr'>eadem</span> <span class='ocrx_word' id='word_1_833' title='bbox 1567 5624 1757 5684; x_wconf 88' lang='lat' dir='ltr'>Sabbatorum</span> <span class='ocrx_word' id='word_1_834' title='bbox 1786 5627 1921 5689; x_wconf 87' lang='lat' dir='ltr'>discretio</span> 
     </span>
     <span class='ocr_line' id='line_1_60' title="bbox 166 5701 1920 5784; baseline 0.013 -27"><span class='ocrx_word' id='word_1_835' title='bbox 166 5706 209 5758; x_wconf 87' lang='lat' dir='ltr'>est</span> <span class='ocrx_word' id='word_1_836' title='bbox 226 5715 264 5758; x_wconf 82' lang='lat' dir='ltr'>ne</span> <span class='ocrx_word' id='word_1_837' title='bbox 286 5716 338 5775; x_wconf 88' lang='lat' dir='ltr'>per</span> <span class='ocrx_word' id='word_1_838' title='bbox 351 5701 408 5776; x_wconf 84' lang='lat' dir='ltr'>boc</span> <span class='ocrx_word' id='word_1_839' title='bbox 426 5704 504 5775; x_wconf 92' lang='lat' dir='ltr'>quod</span> <span class='ocrx_word' id='word_1_840' title='bbox 520 5703 570 5766; x_wconf 88' lang='lat' dir='ltr'>illa</span> <span class='ocrx_word' id='word_1_841' title='bbox 587 5704 667 5779; x_wconf 92' lang='lat' dir='ltr'>dicit,</span> <span class='ocrx_word' id='word_1_842' title='bbox 681 5704 718 5763; x_wconf 90' lang='lat' dir='ltr'>de</span> <span class='ocrx_word' id='word_1_843' title='bbox 735 5705 783 5764; x_wconf 90' lang='lat' dir='ltr'>die</span> <span class='ocrx_word' id='word_1_844' title='bbox 803 5706 920 5767; x_wconf 87' lang='lat' dir='ltr'>Sabbati</span> <span class='ocrx_word' id='word_1_845' title='bbox 939 5723 1024 5766; x_wconf 91' lang='lat' dir='ltr'>man·</span> <span class='ocrx_word' id='word_1_846' title='bbox 1067 5709 1238 5768; x_wconf 85' lang='lat' dir='ltr'>serreturin</span> <span class='ocrx_word' id='word_1_847' title='bbox 1255 5710 1359 5769; x_wconf 90' lang='lat' dir='ltr'>bieme.</span> <span class='ocrx_word' id='word_1_848' title='bbox 1373 5731 1386 5764; x_wconf 73' lang='lat' dir='ltr'>r</span> <span class='ocrx_word' id='word_1_849' title='bbox 1401 5709 1560 5784; x_wconf 85' lang='lat' dir='ltr'>Hancergc</span> <span class='ocrx_word' id='word_1_850' title='bbox 1571 5712 1713 5771; x_wconf 68' lang='lat' dir='ltr'>denerat</span> <span class='ocrx_word' id='word_1_851' title='bbox 1726 5715 1920 5779; x_wconf 79' lang='lat' dir='ltr'>sabbatorum</span> 
     </span>
    </p>
   </div>
   <div class='ocr_carea' id='block_1_3' title="bbox 0 0 2060 6209">
    <p class='ocr_par' dir='ltr' id='par_1_3' title="bbox 0 0 2060 6209">
     <span class='ocr_line' id='line_1_61' title="bbox 0 0 2060 6209; baseline 0 0"><span class='ocrx_word' id='word_1_852' title='bbox 0 0 2060 6209; x_wconf 95' lang='lat' dir='ltr'> </span> 
     </span>
    </p>
   </div>
  </div>
 </body>
</html>
