4100 6209
253 301 305 402 339
562 302 592 361 S.
613 300 724 361 etrum
743 299 904 361 DAMlle
923 299 1001 361 OPP.
1023 295 1120 359 PARS
1140 295 1211 356 SEU
1232 295 1359 357 rodus
1376 296 1414 355 Π.
1434 328 1469 340 -
1489 297 1689 363 submoues.
1898 323 1934 382 pp

251 425 347 501 quinti
360 440 497 486 cacumen
513 424 643 484 evolasti.
660 421 769 483 Teneat
788 430 814 483 te
836 424 1049 500 perseverantia
1067 422 1215 483 indtacta
1238 429 1309 480 sunt
1336 420 1368 480 in
1399 422 1542 480 creaturis
1564 424 1681 496 mundi,
1706 429 1771 490 nihil
1794 440 1874 498 umen
1894 451 1933 503 tau
1974 447 1975 480 r

250 520 342 584 motu,
359 512 603 587 perseverantiam
622 527 682 571 non
701 510 844 587 relinque,
861 520 889 571 et
906 521 1022 572 sextum
1042 528 1104 586 grs-
1144 510 1301 581 excellens,
1318 518 1375 570 tam
1393 512 1581 587 magnificum
1600 513 1718 576 iecerunt
1730 524 1933 600 uperadiglssmm

248 601 319 662 dum
332 600 456 660 viriliter
473 599 602 674 attigisti.
619 599 662 658 liv
689 601 744 659 boc
759 599 896 661 subsilire
911 601 977 660 licet
995 601 1026 659 in
1045 617 1103 661 cce·
1144 603 1214 662 bei:
1232 601 1320 678 Virgo
1333 603 1385 664 Ilei
1400 604 1536 677 genitrix,
1553 606 1635 680 cujus
1647 609 1864 682 pulchritudinem
1875 622 1935 688 solu

250 691 322 761 lum,
336 690 372 749 ud
383 688 464 748 illam
473 688 595 763 gloriam
609 689 747 764 aspirare,
761 690 792 748 in
805 706 862 764 pua
876 690 988 765 Regina
1001 691 1105 766 glorio
1145 692 1216 752 luna
1227 692 1380 764 mirantur,
1388 690 1462 750 223
1475 696 1608 764 subveni,
1620 695 1738 770 domina,
1746 701 1933 771 clamantibusal

248 779 308 839 sior
318 778 479 852 angelicam
493 778 659 836 reverberat
673 778 852 852 dignitatem.
1146 788 1172 839 te
1183 782 1312 854 jugiter:
1332 803 1346 835 ι
1365 781 1532 855 Revertere,
1552 792 1689 844 revertere
1707 786 1855 864 Sunamitis,
1865 812 1933 857 ever

284 867 444 945 Sequitur:
462 889 474 918 ι
488 867 643 926 Rotundus
653 873 714 925 erat
725 868 756 926 in
772 867 987 941 posterioribus.
1007 890 1021 922 a
1038 869 1106 928 Pos-
1146 876 1213 939 tere,
1236 875 1387 940 revertere,
1404 876 1437 929 ut
1455 870 1622 952 intueamur
1635 881 1661 933 te
1673 878 1753 946 {cunt
1765 883 1809 950 vr).
1824 901 1836 933 ι
1849 883 1883 943 Tu
1900 886 1935 946 he.

176 1021 180 1030 ¹
247 958 350 1015 teriora
366 955 498 1028 Virginis
511 956 740 1030 assumptionum
759 957 821 1028 ejus
840 956 980 1030 intellige,
996 957 1027 1016 in
1046 973 1105 1031 qua
1145 957 1268 1029 uediota,
1297 966 1325 1018 et
1352 960 1618 1032 superbenedicta,
1643 972 1782 1037 revertere,
1807 970 1936 1047 pdnopu

246 1046 336 1105 tinem
350 1045 418 1105 vite
434 1046 563 1104 mortalis
577 1044 694 1119 accepit,
709 1060 775 1121 quae
790 1044 879 1104 vitam
893 1046 1018 1105 reddidit
1029 1047 1102 1106 orbi.
1145 1054 1289 1106 naturam.
1308 1046 1449 1123 Nunquid
1477 1050 1546 1123 quia
1574 1049 1614 1107 ita
1635 1050 1765 1121 deitlcata,
1789 1056 1841 1114 ideo
1863 1068 1935 1119 nostra

249 1133 363 1193 Etnota
385 1149 453 1192 cum
477 1141 583 1207 quanto
599 1140 777 1192 sacramento
797 1134 950 1194 transitum
974 1133 1104 1208 Virginis
1146 1134 1336 1194 humanitatis
1361 1136 1450 1195 oblita
1477 1147 1528 1195 cst
1554 1137 1744 1213 Nequaquam,
1769 1142 1874 1203 domina
1892 1145 1935 1206 ιιι

248 1220 397 1295 Scriptura
411 1231 555 1296 comparet
568 1219 745 1280 rotunditati.
768 1221 801 1279 ln
815 1223 941 1281 rotundo
954 1238 1008 1282 uec
1023 1224 1103 1296 prin·
1145 1224 1177 1283 in
1190 1240 1248 1299 quo
1262 1225 1430 1285 discrimine
1445 1241 1498 1285 nos
1515 1226 1675 1302 reliqueris,
1694 1229 1742 1292 ubi
1756 1230 1859 1305 iaceant,
1870 1250 1936 1308 uuan-

246 1311 366 1385 cipium,
379 1327 433 1371 nec
443 1315 533 1370 tinern
545 1311 649 1386 poteris
660 1310 793 1369 iuvenire
805 1329 813 1380 ;
827 1311 867 1370 ita
881 1320 908 1370 et
920 1313 1023 1385 gloria,
1037 1327 1104 1388 quae
1146 1321 1209 1373 tum
1224 1313 1397 1388 delinquant
1409 1314 1485 1373 servi
1501 1315 1563 1384 tui;
1584 1330 1642 1375 non
1659 1317 1734 1375 enirn
1750 1321 1864 1378 convenit
1877 1329 1935 1381 unte

245 1397 365 1466 eamde
382 1400 436 1458 hoc
449 1399 559 1458 mundo
576 1406 771 1458 transeuntem
788 1400 911 1473 excepit,
928 1401 1104 1475 principium
1146 1401 1352 1460 misericordiae
1375 1409 1485 1461 tantam
1510 1402 1656 1461 miseriam
1678 1403 1808 1477 oblivisci,
1823 1408 1883 1482 pah,
1901 1410 1936 1467 esi

220 1557 233 1568 ι,
246 1488 369 1564 ignorat,
382 1489 474 1548 nescit
501 1490 612 1563 linem,
636 1490 671 1548 de
697 1504 755 1563 qua
779 1489 823 1549 nil
846 1490 927 1549 alind
950 1507 1105 1566 possumus
1145 1491 1289 1552 subtrahit
1308 1491 1410 1567 gloria,
1427 1500 1541 1553 revocat
1557 1502 1659 1554 natura
1671 1519 1678 1555 ι
1692 1512 1747 1555 uon
1767 1497 1834 1555 enirn
1848 1499 1879 1555 ita
1895 1513 1935 1557 ne·

247 1576 353 1647 dicere,
369 1577 426 1637 nisi
448 1578 518 1653 quia
533 1602 544 1631 ι
561 1579 686 1652 gloriosa
705 1577 780 1635 dicta
801 1578 925 1637 suntde
945 1587 971 1638 te
988 1604 999 1632 ι
1016 1582 1103 1650 (Prot.
1146 1582 1267 1640 moraris
1286 1581 1409 1656 justitiae
1431 1583 1484 1642 Dei
1511 1583 1613 1655 solius,
1635 1594 1668 1644 ut
1690 1586 1882 1646 misericordium
1897 1603 1937 1646 nun

246 1674 387 1736 cxxxvi),
403 1666 495 1742 gloria
511 1666 574 1725 Dei.
689 1729 697 1740 ,
1146 1668 1267 1738 habeam
1284 1686 1377 1745 neque
1391 1673 1431 1730 ita
1442 1688 1474 1731 es
1489 1673 1685 1746 impassibilis,
1705 1681 1734 1734 ut
1750 1676 1786 1734 sis
1797 1675 1937 1749 incomposi-

282 1753 419 1830 Sequitur
444 1779 451 1813 :
480 1775 495 1810 ι
522 1754 680 1814 Duodecim
707 1757 835 1816 leunculi
872 1756 984 1815 stabant
1019 1755 1224 1840 superssbilis.
1243 1756 1383 1818 Naturam
1399 1767 1526 1819 nostram
1543 1761 1643 1835 babes,
1658 1762 1937 1836 nonaliam;etjustnn

243 1845 363 1918 gradus.
392 1868 406 1897 a
437 1844 595 1904 Duodecim
622 1846 774 1918 leunculi,
806 1847 960 1906 duodecim
985 1845 1106 1920 apostoli
1147 1852 1236 1903 estut
1253 1845 1289 1904 de
1312 1861 1376 1906 rore
1399 1854 1492 1921 unte,
1507 1848 1623 1922 pietatis
1645 1850 1770 1910 dillusius
1788 1850 1937 1910 iuluudauu.

245 1939 324 2005 suut,
338 1934 390 2008 qui
409 1933 538 2008 praefixis
555 1934 694 2008 gradibus
716 1935 841 1996 validius
861 1936 1036 2004 insistentes,
1052 1936 1107 1994 lle·
1184 1961 1198 1985 α
1213 1934 1376 2008 Revertere,
1389 1962 1402 1989 a
1419 1938 1546 1997 secundo
1566 1953 1619 2014 per
1642 1939 1796 2013 potentiam.
1808 1938 1869 1998 Fecit
1884 1939 1938 1997 inte

248 2039 347 2097 ganam
370 2023 435 2083 coeli
458 2038 517 2081 non
544 2023 609 2082 sine
630 2025 760 2083 maximo
777 2034 893 2100 stupore
914 2024 1105 2093 demirantur,
1146 2039 1252 2097 magna
1265 2023 1316 2100 qui
1336 2032 1436 2099 potens
1451 2031 1502 2098 est,
1515 2033 1543 2086 et
1557 2025 1626 2087 data
1638 2034 1681 2087 est
1697 2028 1746 2086 tibi
1759 2028 1841 2086 omnis
1854 2033 1939 2100 pasus

243 2119 271 2171 et
292 2113 392 2173 dicunt
424 2136 430 2171 :
456 2109 556 2181 «Quae
570 2119 612 2170 est
638 2113 701 2184 ista,
717 2129 784 2185 pue
808 2113 937 2173 ascendit
952 2113 1029 2171 sicut
1051 2127 1105 2171 au·
1147 2111 1178 2170 in
1194 2112 1266 2171 coelo
1280 2120 1307 2170 et
1321 2111 1352 2170 in
1366 2120 1452 2171 terra.
1468 2112 1543 2184 Quid
1562 2114 1618 2173 tibi
1631 2113 1782 2188 negabitur,
1792 2114 1833 2173 cui
1844 2119 1938 2186 negatus

247 2217 317 2260 rora
333 2216 520 2276 consurgens,
537 2202 659 2278 pulchra
672 2211 704 2262 ut
723 2202 802 2276 luna,
821 2202 909 2261 electa
926 2207 959 2260 ut
978 2200 1032 2270 sol,
1048 2209 1106 2261 ter·
1148 2208 1267 2259 nonest
1294 2199 1489 2276 Theophilum
1515 2203 1551 2262 de
1575 2202 1649 2277 ipsis
1672 2202 1824 2277 perditionis
1846 2201 1939 2259 budius

247 2292 340 2353 ribilis
368 2300 401 2351 ut
426 2298 587 2350 castrorum
614 2290 689 2349 acies
712 2289 906 2350 ordinata‘lu
937 2292 1024 2361 (duat.
1057 2300 1107 2371 vt.)
1148 2306 1282 2350 revocure
1306 2289 1407 2361 alth?
1429 2291 1578 2352 Infelicem
1604 2292 1770 2362 animulam,
1792 2299 1866 2350 totum
1882 2287 1939 2357 illud,

248 2381 337 2441 Porro
352 2379 420 2440 duae
434 2394 550 2451 manus,
563 2395 630 2456 qnae
643 2380 778 2438 tenebant
796 2380 865 2438 hinc
877 2387 905 2437 et
922 2379 990 2438 inde
1004 2378 1106 2450 sedile,
1147 2379 1225 2454 quod
1241 2380 1270 2438 iu
1291 2388 1316 2439 te
1337 2379 1445 2440 iactum
1467 2389 1519 2451 est,
1534 2381 1651 2456 proprio
1674 2380 1821 2440 charactere
1836 2380 1940 2449 denegan-
1974 2435 1975 2452 ,

248 2473 374 2531 activam
401 2479 429 2529 et
454 2468 707 2545 contemplativam
732 2468 822 2527 vitam
847 2468 1023 2543 significant,
1038 2483 1106 2542 uuae
1148 2475 1217 2538 tem,
1231 2467 1267 2526 de
1280 2468 1341 2527 luto
1356 2467 1435 2527 lacis
1447 2476 1475 2527 et
1488 2468 1618 2529 miseriae
1632 2469 1788 2531 sublevasti.
1803 2467 1841 2527 llil
1855 2467 1893 2526 tibi
1903 2465 1939 2522 in·

248 2559 368 2621 ldatre'm
390 2559 539 2635 Virginem
563 2557 743 2634 propensiori
764 2555 914 2632 diligenda
930 2558 1104 2628 ambierunt,
1147 2557 1293 2633 possibile,
1308 2557 1358 2616 cui
1377 2557 1514 2631 possibile
1527 2566 1571 2618 est
1591 2560 1749 2634 desperatos
1761 2561 1789 2617 in
1806 2554 1940 2631 spenbati·

151 2661 161 2676 “
247 2652 318 2710 adeo
340 2657 374 2709 ut
402 2665 456 2708 nec
482 2648 555 2708 actio
581 2646 853 2721 contemplationem
884 2647 1049 2719 ruinueret,
1077 2654 1105 2706 ct
1147 2646 1256 2706 tudinis
1281 2646 1418 2706 relevare.
1445 2646 1600 2718 Quomodo
1620 2649 1698 2708 enim
1724 2647 1771 2707 illa
1789 2651 1940 2722 potestestas
1974 2659 1975 2730 ι

249 2737 452 2814 contemplatio
478 2753 535 2796 non
565 2737 713 2796 desereret
745 2735 899 2794 actionem.
924 2735 1102 2810 Recordare,
1145 2739 1281 2813 potentiae
1302 2738 1404 2813 poterit
1422 2737 1549 2810 obviare,
1574 2756 1646 2814 uuae
1668 2741 1703 2799 de
1725 2754 1801 2798 carne
1821 2743 1859 2795 tua
1877 2731 1941 2792 ornis
1974 2739 1975 2752 ¹

248 2829 319 2904 quia
345 2843 403 2888 uon
429 2833 490 2885 erat
514 2827 541 2885 ei
571 2825 651 2885 locus
676 2826 708 2882 in
734 2823 894 2883 diversorio
919 2828 1007 2894 (Luc.
1037 2837 1058 2883 ιι
1073 2828 1104 2897 ),
1147 2827 1273 2900 suscepit
1293 2826 1766 2902 originentnccedisentnanre
1785 2826 1940 2887 illudaurem

248 2917 516 2995 quomodoFilium
534 2931 621 2976 suum
637 2915 761 2991 propriis
785 2915 925 2975 uberibus
947 2914 1104 2992 lactaverit,
1146 2916 1286 2976 humanas
1308 2918 1550 2978 reconciliationis
1570 2922 1675 2994 altare,
1690 2936 1747 2980 non
1765 2918 1846 2978 solum
1863 2925 1941 2986 metus
1974 2979 1975 2990 ,

247 3018 274 3069 et
289 3025 392 3069 omnes
405 3008 532 3084 denique
546 3006 687 3082 vagientis
700 3006 817 3081 parvuli
831 3006 1005 3066 sustinuerit
1014 3007 1104 3067 actio·
1145 3004 1196 3063 sed
1222 3005 1378 3081 imperans,
1392 3007 1522 3079 domina,
1548 3024 1610 3069 uon
1629 3009 1741 3070 ancilla.
1760 3008 1855 3066 uorat
1873 3012 1894 3061 te
1910 3015 1943 3057 ue·
1974 3007 1975 3062 l

249 3116 310 3170 nes,
325 3106 354 3158 et
380 3106 448 3157 tunc
473 3095 619 3170 intelliges
639 3095 708 3172 qula
729 3095 890 3171 plurimum
917 3096 1222 3198 ministravitctura,
1238 3094 1365 3169 potentia
1389 3104 1515 3169 moneat,
1532 3099 1607 3174 puis
1629 3106 1734 3172 quanto
1753 3093 1942 3173 potentissime
1974 3111 1975 3120 ι

249 3189 405 3248 Considera
417 3187 486 3264 quia
501 3187 563 3261 ipsa
576 3193 620 3246 est
633 3201 711 3261 quas,
726 3186 758 3244 in
771 3184 1001 3259 contemplativa
1013 3186 1107 3261 digni·
1147 3184 1360 3245 misericordior
1380 3201 1443 3245 esse
1466 3186 1596 3246 debebis.
1613 3186 1746 3248 Potestati
1762 3185 1831 3244 enim
1848 3171 1941 3240 eedlttl

249 3279 313 3337 tutis
330 3285 498 3351 supervecta
518 3274 712 3346 dulcedinem,
735 3275 767 3334 in
787 3275 878 3349 ipsius
898 3274 951 3335 Dei
968 3275 1107 3335 substan·
1147 3272 1280 3348 gloriam,
1295 3274 1420 3348 injurius
1435 3274 1536 3335 ulcisci
1551 3277 1710 3338 nolleoum
1723 3274 1811 3351 possit
1905 3352 1909 3361 Ι

252 3370 321 3427 tiam
340 3367 496 3428 lucidiores
514 3367 613 3427 inlinit
631 3365 759 3427 obtutus.
780 3364 906 3438 «Laeva,
920 3365 1029 3442 inquit,
1042 3367 1106 3441 ejus
1184 3387 1198 3414 v
1214 3363 1378 3435 Revertere,
1400 3388 1414 3417 a
1440 3364 1523 3424 tertio
1547 3382 1602 3439 per
1623 3381 1758 3426 amorem.
1774 3361 1838 3431 Scio,
1853 3358 1942 3449 buthe
1974 3377 1975 3428 l

251 3459 307 3518 sub
330 3457 422 3532 cupite
447 3472 522 3528 meo,
538 3461 566 3515 et
585 3456 703 3514 dextera
722 3455 804 3515 illius
823 3456 1038 3531 amplexabitur
1059 3472 1106 3515 me
1146 3454 1215 3528 quia
1229 3453 1440 3528 benignissima
1450 3471 1491 3526 es,
1506 3461 1534 3514 et
1547 3471 1634 3515 amas
1647 3471 1700 3516 nos
1711 3469 1801 3514 amore
1816 3439 1943 3508 inprobis

194 3571 198 3588 ·=
251 3549 339 3620 (dant.
353 3549 391 3618 tt).
409 3572 423 3598 a
1146 3561 1219 3620 quos
1233 3546 1263 3604 in
1278 3554 1304 3604 te
1317 3552 1345 3605 et
1364 3562 1414 3620 per
1429 3552 1455 3605 te
1476 3545 1568 3606 Filius
1588 3555 1658 3609 tuus
1672 3545 1783 3606 etheus
1797 3541 1944 3632 cumanum
1974 3501 1975 3582 l

287 3635 381 3695 «Duo
396 3634 495 3694 leones
507 3634 621 3695 stabant
631 3636 717 3710 juxta
729 3634 913 3694 brachiola.»
929 3635 993 3694 Duo
1006 3633 1105 3695 leones
1146 3635 1301 3696 dilectione
1322 3634 1436 3695 dilexit.
1452 3635 1522 3707 Quis
1544 3637 1601 3697 scit
1624 3637 1736 3715 quoties
1753 3631 1879 3704 muigeo
1896 3632 1945 3717 rau
1974 3705 1975 3726 Χ

248 3731 318 3786 sunl
351 3723 468 3784 Gabriel
494 3723 685 3798 archangelus
706 3728 734 3781 et
758 3722 884 3782 loannes
910 3724 1103 3797 evangelista,
1145 3726 1275 3798 Judicis,
1304 3741 1373 3786 cum
1393 3727 1526 3802 justitiae,
1539 3728 1636 3790 virtus
1660 3745 1679 3788 a
1707 3722 1844 3803 prasentia
1866 3713 1944 3774 lecu
1974 3741 1975 3746 κ

247 3828 375 3887 quorum
390 3811 462 3871 alter
475 3810 603 3871 dexterae
624 3809 763 3886 Virginis,
776 3812 849 3872 alter
867 3812 993 3871 sinistre
1007 3821 1104 3873 custos
1146 3815 1314 3891 egreditur

248 3906 405 3980 deputatus
427 3913 479 3964 est.
504 3902 620 3965 Gabriel
637 3905 717 3964 enim
739 3911 876 3976 mentem,
890 3904 1018 3964 Joannes
1039 3921 1102 3965 car-
1183 3907 1375 3977 «Revertens,
1392 3927 1406 3960 a
1424 3912 1534 3980 quarto
1555 3922 1621 3981 per
1632 3895 1889 3982 singularitatemlt
1904 3901 1945 3988 sm·

249 4009 317 4054 nem
343 3992 479 4069 pervigili
505 3992 699 4053 sollicitudine
728 4000 928 4053 servaverunt.
946 3993 1002 4064 Qui
1030 3994 1103 4054 bene
1145 3995 1232 4056 nibus
1251 3996 1308 4055 tuis
1331 4004 1401 4054 sunt
1427 3995 1555 4054 thesauri
1586 3995 1802 4056 miserationum
1826 3981 1946 4077 bouill&

250 4081 634 4155 leonesdicuntur,propter
648 4080 776 4154 rugitum
790 4081 922 4141 altisonas
937 4082 1029 4155 vocis,
1046 4083 1103 4143 dno
1144 4081 1204 4141 sola
1226 4081 1316 4140 electa
1337 4096 1378 4153 es,
1392 4081 1440 4141 cui
1462 4080 1554 4155 gratia
1574 4089 1658 4142 ιιιιιιι
1678 4081 1839 4142 conceditur.
1850 4069 1945 4156 amru

250 4171 330 4230 enim
347 4170 437 4229 verba
450 4169 662 4228 nuntiaverunt
675 4170 738 4228 orbi
753 4177 836 4230 terrae
848 4171 946 4245 qualia
960 4186 1012 4230 nee
1027 4172 1104 4232 diota
1143 4176 1234 4228 cesset
1249 4184 1353 4227 manus
1373 4175 1431 4239 tua,
1450 4184 1517 4228 cum
1535 4171 1721 4242 occasionem
1739 4180 1841 4244 ouans
1855 4147 1945 4248 alnoth

250 4266 319 4318 sunt
332 4273 386 4317 nec
399 4257 543 4328 dicemur,
554 4261 582 4316 et
595 4257 626 4315 in
639 4273 766 4332 quorum
779 4261 990 4333 comparatione
1003 4261 1103 4319 omnia
1143 4258 1263 4318 miseros
1286 4266 1315 4316 et
1338 4256 1566 4317 miscricordiam
1584 4258 1772 4319 effundendil
1798 4264 1876 4326 nepus
1893 4251 1945 4302 suu

249 4354 330 4406 muta
357 4346 481 4406 debeant
501 4362 647 4421 apparere.
663 4370 677 4399 α
692 4349 766 4421 dve,
780 4346 880 4419 Maria,
894 4350 985 4423 gratia
1004 4351 1100 4425 plena,
1143 4353 1193 4407 lua
1203 4345 1293 4422 gloria
1307 4345 1463 4417 minuitur,
1479 4346 1529 4407 sed
1542 4355 1681 4423 augetur,
1696 4362 1762 4408 eum
1775 4322 1946 4421 periculosi

250 4434 396 4495 Dominus
412 4441 506 4495 tecum
520 4439 595 4506 (uec.
608 4441 640 4506 1),
659 4460 669 4488 ι
691 4439 731 4495 ιιι
746 4437 948 4512 archangelus.
968 4438 1101 4498 ludisne
1144 4437 1269 4506 veniam,
1282 4435 1430 4510 justificari
1444 4435 1480 4494 ad
1494 4435 1621 4510 gloriam
1634 4442 1824 4498 assumuntur.
1840 4428 1947 4488 scisset
1973 4443 1976 4536 p

248 4525 280 4584 in
318 4526 373 4586 boe
397 4525 499 4585 ‘verbo
534 4525 763 4585 incarnationem
786 4525 850 4599 Dei,
876 4492 1221 4603 redemptionemnergo,
1239 4523 1410 4597 sunamitis,
1426 4524 1521 4597 idest,
1537 4521 1895 4602 despecta,cujusaninau
1904 4521 1947 4585 pc·

251 4615 416 4687 bominum,
431 4616 646 4676 renovationem
658 4615 788 4675 mundi?
804 4638 818 4672 ι
837 4617 871 4676 Io
885 4617 1027 4694 principio
1041 4625 1103 4679 erat
1144 4613 1277 4673 transivit
1294 4612 1410 4686 gladius
1428 4615 1501 4686 (bac.
1521 4615 1558 4688 11),
1581 4631 1652 4691 (lllffl
1674 4615 1747 4675 febri
1765 4628 1833 4674 1¹¹0r
1848 4599 1948 4700 lilium
1974 4653 1975 4708 p

252 4701 379 4764 Verbum
394 4707 486 4774 (loon.
506 4714 539 4775 1),
555 4725 570 4758 a
589 4704 665 4764 dixit
681 4706 868 4780 evangelista.
888 4708 1103 4769 animadvertis
1146 4703 1235 4764 luisti.
1252 4700 1295 4761 dd
1310 4699 1403 4775 quid?
1415 4700 1452 4761 Ut
1467 4702 1635 4764 intueamur
1656 4714 1693 4765 [θ.
1710 4704 1823 4766 Summi
1838 4694 1909 4772 d¹⁰⁰²
1920 4687 1948 4741 ὥ
1974 4745 1975 4788 p

250 4792 298 4853 bic
317 4792 405 4852 Verbi
424 4793 615 4866 diuinitatem,
632 4794 767 4855 Ecclesia
786 4796 883 4868 iidem,
900 4796 1102 4858 haereticorum
1143 4798 1207 4866 post
1221 4791 1312 4850 Deum
1331 4795 1359 4849 te
1379 4788 1488 4863 videre,
1507 4790 1658 4851 adbaercre
1679 4789 1828 4863 tibiatis
1846 4783 1949 4847 tuapte
1974 4841 1975 4856 g

250 4881 410 4953 silentium,
427 4883 524 4943 locum
538 4881 655 4959 quietis,
670 4890 811 4943 secretum
827 4884 1002 4956 solitudinis,
1014 4887 1102 4946 lumi·
1145 4879 1276 4938 tectinnis
1306 4878 1471 4937 munimine
1495 4879 1653 4942 demorari.
1681 4879 1759 4940 Audi
1785 4891 1840 4936 ¹1⁰³·
1861 4861 1951 4930 ΝΜ
1974 4891 1975 4928 l

251 4970 298 5029 nis
315 4985 464 5042 areanum,
483 4969 683 5030 babitaculum
699 4971 804 5048 pacis?
822 4970 864 5031 Ob
883 4973 957 5031 hanc
975 4973 1103 5033 fortassis
1143 4967 1237 5027 Filius
1251 4966 1326 5026 nibil
1351 4982 1461 5038 negans
1486 4968 1609 5027 honorat
1632 4978 1670 5040 tc,
1685 4969 1736 5043 qui
1755 4975 1795 5028 est
1810 4963 1875 5023 [leus
1892 4955 1950 5011 Nl*

248 5073 366 5118 eaumm
385 5059 499 5119 vocavit
517 5057 656 5118 Jacobum
676 5066 704 5118 et
722 5058 862 5118 ioannem
885 5059 1058 5137 Boanurges,
1073 5061 1101 5121 id
1142 5058 1236 5118 dictus
1248 5056 1279 5114 in
1295 5055 1401 5116 saecula
1415 5057 1600 5118 saeculorum.
1617 5059 1723 5118 Amen.

248 5156 301 5220 est,
313 5147 388 5208 illios
404 5146 522 5208 tonitrui
540 5149 636 5223 (blare.
652 5149 695 5220 x).
1450 5162 1573 5224 sggppo
1602 5164 1694 5225 xpp,

284 5235 383 5294 «Non
397 5242 440 5294 est
455 5237 563 5296 tactum
573 5235 671 5295 simile
681 5236 792 5310 opusin
808 5236 954 5296 universis
967 5237 1073 5312 regnis.
1089 5260 1103 5289 ι»
1129 5267 1177 5313 -ῃ,
1215 5265 1246 5313 ,g
1283 5263 1463 5312 pgplvfflpg
1501 5264 1691 5314 flfflpsffl
1721 5259 1845 5312 mmm
1872 5239 1951 5302 meld

253 5323 333 5382 Nihil
357 5325 463 5397 verius,
481 5325 554 5385 nibil
578 5324 743 5396 sublimius,
761 5323 836 5383 nibil
858 5325 974 5386 dulcius
992 5325 1106 5387 misere
1493 5325 1556 5397 (vm
1570 5336 1664 5396 ssent
1893 5402 1899 5412 ο
1920 5393 1942 5406 .,

254 5411 420 5472 mortalitati
432 5422 461 5472 et
473 5412 733 5474 mortalimiseriae.
744 5412 818 5473 Nam
830 5413 884 5474 etsi
899 5414 990 5475 multa
1001 5430 1106 5491 magna
1183 5414 1348 5476 Nativitatis
1376 5414 1552 5475 beatissime
1575 5421 1603 5473 et
1640 5416 1816 5476 intemerate
1841 5405 1952 5469 &mmm

282 5601 351 5667 (llll
366 5600 552 5659 ildebertum,
568 5605 632 5652 tom.
644 5600 663 5653 l.
676 5599 712 5653 be
722 5605 832 5660 sanctis,
845 5601 880 5655 ud
894 5603 966 5656 dictu
978 5604 994 5657 l
1007 5603 1086 5658 debr.
