4100 6209
199 287 232 349 it
656 290 686 351 S.
706 290 853 352 ebusus
871 289 1069 353 bsuisiius
1089 294 1119 354 S.
1139 294 1174 354 R.
1195 295 1229 353 li.
1249 293 1488 359 conomius.
1913 289 1948 352 32

198 420 327 487 tecostes,
344 419 432 490 atque
445 413 555 496 Natalis
565 414 699 487 Domini3
714 430 882 489 quanquam
896 414 927 474 io
940 415 1184 495 octavisAusque
1211 420 1248 478 ad
1271 420 1342 479 ldus
1369 420 1555 494 Septembris,
1576 419 1671 491 tertie
1694 422 1723 476 et
1749 415 1851 491 quinta
1875 415 1946 475 ferie

201 506 393 579 Pentecostes,
404 512 433 565 et
447 505 639 565 ecclesiastica
653 506 777 578 traditi0,
790 512 819 565 et
828 505 946 565 Patrum
959 506 1053 566 decer·
1091 508 1162 566 bina
1182 508 1298 567 relectio
1320 510 1352 569 in
1374 509 1421 568 die
1443 517 1567 580 tenetur,
1580 506 1703 582 reliquis
1725 519 1794 564 vero
1822 510 1948 578 quatuor

199 602 249 655 nat
275 595 428 656 auotoritas
455 600 517 669 (pro
542 604 660 668 quatuor
686 613 781 670 nempe
805 599 980 670 tempo-toas)
1005 599 1051 673 je-
1092 597 1195 658 diebus
1203 597 1351 672 ieiunium
1361 614 1400 658 ex
1412 614 1492 659 more
1504 604 1645 658 servetur.
1661 619 1672 649 ι
1689 594 1743 655 cui
1754 593 1796 652 sic
1810 599 1948 652 censebat

196 683 372 757 iuuandum,
397 685 429 743 in
458 685 579 758 reliquis
614 700 683 744 vcro
714 687 823 745 octavis
855 685 1052 760 quarumlibet
1091 686 1661 763 B.liodulpbuslococit.‚cap.13:«
1686 683 1826 756 Deinceps
1850 687 1948 740 autem

199 770 398 844 festivitatum,
423 771 647 831 ecclesiasticum
671 774 802 847 quidem,
831 781 917 848 prout
940 776 1051 850 regula-
1092 777 1137 846 (ab
1150 782 1245 832 actaea
1262 779 1435 850 pentecostes)
1450 791 1543 851 usque
1560 776 1591 833 io
1608 772 1793 833 festivitatem
1811 767 1841 829 S.
1859 769 1947 828 loan-

198 856 239 916 ris
263 858 333 918 ordo
358 858 492 932 postulat,
513 866 646 918 tenemus
671 859 810 934 officium,
827 868 954 921 tenorem
982 878 1051 922 vero
1092 865 1148 935 nis,
1164 871 1290 940 quatuor
1310 866 1415 925 diebus
1431 867 1463 925 in
1486 862 1666 925 bebdomada
1687 858 1831 935 deputatis
1855 856 1946 915 abeti-

198 946 328 1004 eoosueti
346 946 453 1020 jejunii
475 959 533 1004 oon
554 953 712 1007 mutamus.
735 949 805 1008 »De
826 951 962 1011 secundis
982 967 1052 1011 vero
1092 953 1210 1024 nentis,
1226 954 1309 1013 tertia
1324 956 1395 1015 feria
1410 955 1580 1030 simpliciter
1590 953 1749 1027 ieiunatur,
1762 947 1864 1023 quinta
1877 960 1946 1004 vero

198 1034 231 1093 Β.
246 1034 419 1108 Rodulpbus
440 1036 520 1110 prior
543 1035 573 1094 in
601 1036 721 1096 Constit.
736 1038 806 1097 anni
833 1039 913 1112 1085,
928 1041 969 1100 sie
993 1046 1051 1101 tra·
1091 1044 1257 1117 geminatur
1269 1045 1395 1104 refectio.
1411 1044 1452 1103 De
1464 1053 1567 1102 cetero
1581 1056 1674 1116 usque
1686 1038 1754 1097 fdus
1769 1033 1946 1109 Septembris

200 1123 271 1182 dit:
295 1145 311 1178 a
337 1123 400 1184 Mos
424 1130 466 1184 est
492 1141 543 1198 per
567 1142 804 1204 unamquamque
829 1129 1049 1206 hebdomadam,
1092 1134 1193 1193 eadem
1206 1143 1331 1209 quatuor
1346 1135 1460 1193 dierum
1475 1127 1804 1200 servaturabstinentia,
1821 1126 1903 1185 tertia
1918 1128 1947 1183 et

196 1214 307 1288 absque
334 1220 434 1273 octava
458 1215 568 1275 Natalis
594 1216 721 1291 Domini,
748 1217 869 1293 ejusque
894 1219 1050 1280 liceuriae·
1093 1224 1195 1298 quinia
1209 1224 1418 1297 feriageminre
1433 1222 1582 1282 refectioni
1595 1218 1779 1295 deputatis.»

199 1301 298 1375 tionis,
312 1310 340 1361 ct
362 1299 553 1376 Pentecostes,
566 1303 597 1362 in
619 1319 702 1377 pane,
722 1314 751 1365 et
768 1322 853 1381 aqua,
873 1314 901 1366 ei
925 1309 984 1367 sale
1004 1310 1050 1383 ie·
1128 1315 1179 1374 lli.
1202 1314 1274 1375 curn
1294 1317 1383 1391 igitur
1396 1314 1537 1390 ejusmodi
1551 1313 1693 1373 obtineret
1706 1306 1783 1383 apud
1796 1304 1946 1366 Avellani·

194 1391 318 1466 iuuare:
335 1397 363 1449 et
379 1390 467 1450 aliam
486 1392 599 1451 nullam
617 1400 745 1454 octavam
764 1395 805 1453 sic
823 1395 976 1469 celebrare,
993 1397 1051 1457 nisi
1093 1412 1145 1477 tas,
1158 1412 1245 1480 sique
1260 1406 1493 1465 camaldulenses
1506 1421 1556 1479 per
1571 1409 1662 1461 totum
1679 1400 1750 1458 anni
1764 1394 1946 1458 curriculum

195 1478 247 1538 11³⁸
262 1486 327 1550 lici,
343 1495 416 1553 quas
430 1496 516 1555 supra
528 1482 577 1540 hic
595 1483 680 1542 modo
693 1483 833 1543 diximus·
850 1506 864 1538 c
880 1485 916 1543 Εῑ
934 1486 965 1544 ill
984 1486 1051 1545 aliis
1092 1496 1248 1553 eremiticae
1262 1495 1444 1554 abstinentie
1466 1511 1484 1552 a
1505 1494 1535 1552 S.
1551 1489 1714 1552 Romualdo
1727 1487 1868 1546 institutae
1884 1482 1947 1541 dis·

198 1567 886 1645 0008111111·flss¹¹i¹080‚fflll·llihfflsshabclt
909 1574 1048 1633 «IssPa·
1092 1583 1221 1654 tributio,
1250 1584 1311 1657 pari
1351 1581 1554 1642 moderationis
1582 1588 1681 1639 tenore
1717 1574 1871 1650 utrobique
1896 1570 1946 1630 ob-

196 1654 287 1714 scbali
297 1673 365 1716 vero
375 1658 734 1731 bebdomada,nonsolum
746 1662 894 1722 relaxatur
905 1662 1051 1722 abstinen—
1092 1679 1215 1746 serrato,
1254 1686 1312 1746 qua
1353 1671 1530 1731 districtione
1562 1667 1687 1743 duplicis
1714 1660 1946 1734 Qua'draqesimae

194 1745 243 1812 lia.
257 1745 307 1803 scd
319 1745 404 1804 ctiam
415 1747 561 1821 jejunium
575 1747 708 1808 ⁸⁰llilllsn
723 1750 756 1809 1ss
769 1751 934 1811 Pentecoste
948 1751 1081 1842 eidemq
1093 1777 1212 1821 cursum
1228 1769 1285 1818 tam
1301 1760 1342 1831 bi,
1357 1776 1443 1833 quam
1463 1760 1507 1818 illi
1523 1773 1658 1833 peragere
1673 1752 1888 1822 consueverint,
1902 1749 1946 1808 vi-

195 1833 342 1892 observari
356 1835 470 1907 debent,
488 1852 553 1910 quae
566 1836 596 1896 in
613 1836 744 1898 Pascbali
763 1839 944 1898 solemnitate
968 1853 1050 1897 eom·
1091 1851 1222 1909 peamus,
1240 1850 1282 1908 De
1297 1848 1327 1910 s,
1341 1848 1496 1909 flomualdi
1515 1846 1666 1922 discipulis
1684 1844 1808 1917 legimus
1828 1841 1859 1898 in
1883 1838 1947 1912 eius

197 1929 357 1981 memorata
374 1930 452 1994 suut,
471 1932 591 1998 excepto
605 1925 683 2001 quod
704 1925 814 2000 ieiunia
830 1934 956 2001 quatuor
976 1934 1051 1985 tem·
1092 1937 1168 2010 vici,
1184 1955 1246 2014 cap,
1262 1940 1289 2009 9,
1307 1940 1407 2016 quod:
1426 1961 1440 1992 a
1456 1939 1490 1997 ln
1518 1938 1632 1998 duabus
1658 1934 1728 1993 anni
1755 1926 1947 2002 Quadragesi·

196 2025 300 2084 porum
314 2011 346 2070 in
358 2012 412 2069 bac
425 2012 615 2085 bebdomada,
628 2021 710 2073 sexte
724 2014 794 2072 feria
807 2014 991 2074 abstinentiae
1003 2013 1053 2073 de
1092 2030 1158 2100 mis,
1174 2045 1232 2088 nou
1259 2030 1352 2089 solui„
1380 2030 1442 2104 ipse
1462 2027 1662 2098 (pennasque),
1675 2024 1725 2082 sed
1743 2019 1875 2095 plerique
1900 2016 1945 2075 sui

195 2106 303 2171 posia,
320 2098 379 2158 ritu
405 2100 604 2161 Ecclesiastico
626 2102 796 2175 simpliciter
817 2102 1048 2162 cccccccccc·
1091 2117 1227 2192 discipuli
1253 2119 1342 2177 totius
1369 2117 1558 2176 rememsis
1574 2114 1650 2174 soriti
1679 2118 1760 2173 erant
1777 2108 1946 2168 ennoias

196 2184 232 2243 El
244 2201 313 2244 [¹¹⁰¹
326 2202 387 2262 fflt·
406 2189 438 2248 ¹5
454 2208 460 2247 ³
475 2211 490 2240 ¹¹
504 2189 557 2248 Die
567 2205 683 2266 i1¹1⁰(lue
696 2191 788 2264 ipsius
800 2190 964 2250 Nifilifflis
976 2192 1050 2266 jeju·
1088 2207 1247 2279 ieiunium.
1267 2231 1277 2257 ·
1304 2206 1434 2280 idipsum
1455 2206 1491 2265 de
1511 2202 1662 2264 nonnullis
1683 2216 1736 2260 suo
1750 2206 1876 2269 tempore
1890 2193 1946 2251 ca·

195 2274 278 2333 flium
289 2275 423 2348 ⁸⁰¹Vll¹1li
434 2278 546 2335 ecclesis
558 2293 626 2337 V0l⁰
637 2277 740 2336 diibus
754 2293 804 2351 Pil
815 2285 902 2336 l⁰liffl
914 2276 1050 2339 00¹³V³111
1091 2293 1322 2354 maldoleosibus
1337 2294 1465 2352 eremitis
1485 2298 1603 2351 testatur
1625 2290 1658 2347 D.
1675 2285 1846 2359 Rodulpbus
1867 2282 1946 2355 prior

195 2365 257 2425 ⁸⁰¹³
271 2366 445 2427 abssfissessiia
462 2367 620 2428 relaxatur·
1091 2382 1123 2440 in
1137 2381 1396 2442 constitutionibus
1409 2381 1480 2440 suni
1497 2379 1575 2448 1085,
1590 2384 1618 2437 et
1630 2376 1731 2435 Petrus
1752 2371 1886 2431 Damiani
1909 2369 1945 2428 de
2003 2437 2006 2446 Ι

231 2459 282 2518 ΙΧ.
309 2460 433 2533 Rursus,
452 2467 510 2521 toto
538 2461 670 2523 Pascbali
697 2470 824 2539 tempore
849 2470 974 2540 quatum
997 2480 1049 2539 per
1092 2472 1274 2543 Avellanitis,
1287 2471 1427 2546 opusculo
1441 2482 1509 2543 xiv,
1524 2469 1565 2527 sic
1577 2467 1727 2542 loquitur:
1746 2489 1761 2513 «
1773 2462 1815 2521 De
1829 2458 1946 2520 duabus

196 2547 405 2608 hebdomadam
417 2549 520 2609 diebos
532 2552 684 2625 duntaxat,
700 2560 759 2612 tum
776 2554 854 2627 apud
865 2554 1047 2627 Avellanam,
1091 2560 1151 2619 illis
1161 2559 1405 2634 Quadrageslmis
1415 2558 1540 2633 quoevel
1550 2555 1680 2615 Natalem
1689 2549 1872 2621 Domioi3vel
1880 2563 1946 2607 sao·

194 2644 257 2697 tum
280 2637 358 2711 apud
376 2637 589 2709 Camaldulum,
602 2640 706 2716 jejunii
725 2656 848 2701 censura
867 2643 1047 2715 servabatur,
1091 2654 1171 2707 ctum
1188 2647 1297 2706 Pascha
1309 2646 1486 2721 praecedunt,
1502 2644 1568 2703 licet
1583 2659 1636 2718 ego
1651 2650 1768 2709 taceam,
1782 2654 1835 2699 vos
1849 2644 1944 2695 tamen

195 2726 286 2795 ῑθΐῑὶθ,
300 2732 328 2784 el
341 2725 445 2801 quinta
468 2727 549 2798 felia,
564 2736 669 2802 praeter
691 2728 876 2790 Dominicum
895 2730 982 2802 diem,
997 2749 1047 2805 fic·
1092 2737 1181 2810 scitis,
1194 2740 1264 2813 quia
1276 2737 1410 2797 nonnulli
1425 2737 1473 2795 liic
1486 2742 1564 2805 sunt,
1580 2734 1633 2808 qui
1646 2733 1756 2808 absque
1771 2729 1874 2788 diebus
1887 2724 1945 2782 Do·

195 2814 284 2873 mina
320 2813 469 2874 refectioni
495 2814 648 2890 deputatis.
679 2815 761 2876 Uude
787 2817 888 2878 Petrus
914 2818 1049 2880 Damiaui
1090 2828 1217 2898 minicis,
1232 2828 1341 2901 duplex
1356 2826 1429 2885 illud
1444 2819 1834 2897 Quadragesimalespatium
1851 2822 1944 2875 totuin

194 2903 265 2964 locis
289 2919 376 2977 supra
394 2902 488 2963 citatis
505 2904 564 2962 ait:
583 2929 594 2959 ι
612 2906 658 2964 Ab
686 2906 1060 2995 Octavisouetppecornie·
1088 2915 1258 2990 ieiunandot
1269 2917 1468 2986 moscurrere
1492 2910 1595 2980 solent,
1625 2908 1753 2982 exceptis
1781 2905 1873 2964 tribus
1898 2918 1945 2961 so·

193 2992 268 3052 ssicae
288 2992 517 3052 &surrectionis
544 3009 636 3067 uctltlc
658 2994 695 3053 td
718 2982 804 3060 dl'ttn:
814 2987 956 3085 §sisium
970 2980 1062 3073 Fen-3
1076 2983 1341 3089 ,ccliiiiilisis
1359 3000 1493 3061 videlieet
1507 2999 1643 3067 Andreae,
1657 3002 1685 3055 et
1700 2994 1731 3056 S.
1748 2992 1945 3061 Benedicti,et

192 3090 319 3156 tecostes,
340 3089 466 3158 quatuor
489 3083 550 3143 dies
573 3099 624 3157 per
651 3069 860 3146 bebdcin'adam
881 3077 1021 3162 irruistis
1037 3105 1045 3160 3
1091 3091 1320 3152 Annuntiatione
1345 3089 1535 3151 Dauidica.»
1559 3086 1594 3147 Et
1619 3101 1718 3160 opusc·
1744 3095 1798 3152 xv,
1819 3098 1881 3156 cap.
1903 3079 1943 3138 ⁶²

192 3180 296 3250 prieter
322 3173 507 3234 Dominicum
526 3188 595 3232 vero
617 3173 706 3245 diem,
722 3176 758 3234 de
781 3176 1061 3265 cquspcqepcptia·
1077 3181 1353 3260 pDoebtsauteui
1368 3180 1427 3250 illis
1439 3175 1683 3251 Quadragesimis,
1698 3189 1766 3249 quae
1782 3172 1828 3231 vel
1845 3170 1945 3230 Natale

191 3263 293 3324 nullus
314 3262 473 3335 addubitat,
488 3262 571 3321 tertia
589 3263 672 3336 feria,
687 3253 943 3352 §tfqirinistfiriat
955 3264 1001 3350 bip
1015 3266 1048 3324 in
1059 3256 1221 3353 ‘fbiniiiiii
1234 3251 1298 3331 'aet‘
1310 3275 1444 3332 mosum
1468 3271 1577 3331 Pascba
1609 3266 1788 3344 praecedunt,
1808 3262 1945 3323 nonoulli

192 3353 240 3413 die
253 3353 380 3412 reficitis.
397 3351 546 3412 »Sabbati
575 3349 856 3430 tameo03eidorltln·
872 3338 939 3413 bcb‘
957 3337 1049 3429 p‘erfe·
1087 3362 1190 3421 fratres
1211 3362 1261 3420 bic
1284 3367 1363 3433 sunt,
1384 3361 1435 3436 qui
1453 3366 1541 3418 totam
1558 3356 1768 3417 hebdomadam
1784 3352 1945 3430 jejunando

191 3448 279 3514 Cium,
295 3441 345 3501 Sed
360 3439 486 3515 Simplex
499 3446 570 3513 erat,
584 3442 670 3501 unica
694 3457 799 3516 sseffllle
821 3441 976 3502 lefesslifflle
989 3441 1046 3500 cit·
1088 3457 1300 3522 transcurrunt,
1316 3456 1344 3508 et
1358 3448 1499 3525 quotidie,
1514 3446 1643 3519 exceptis
1655 3444 1759 3504 diebus
1772 3441 1942 3510 Dominicis,

191 3530 409 3605 cumscriptum,
435 3529 485 3588 sed
508 3529 589 3601 vino,
601 3537 629 3590 et
650 3531 802 3606 pulmento
826 3530 954 3589 eremitis
980 3545 1047 3604 per·
1087 3538 1117 3597 in
1131 3554 1215 3613 pane,
1230 3547 1343 3614 etaqoa
1357 3538 1505 3598 vivunt.»
1563 3553 1566 3559 ’

192 3618 292 3690 misso,
319 3625 348 3677 ct
384 3616 463 3677 enim
491 3616 651 3676 numianus
675 3633 774 3693 cocic-
805 3630 859 3690 xv,
886 3623 947 3692 cco·
978 3617 1010 3677 15
1037 3642 1045 3677 ε
1124 3628 1189 3686 rin.
1214 3626 1332 3702 Reliqui
1349 3633 1458 3698 susm,
1475 3624 1526 3701 qui
1547 3632 1605 3684 tam
1624 3621 1710 3699 rigidi
1727 3620 1832 3697 ieiunii
1848 3619 1943 3679 enti-

193 3736 207 3761 «
226 3709 289 3768 Non
305 3724 393 3782 grave
414 3709 547 3767 videatur
567 3709 649 3768 fratri
668 3709 755 3769 etiarn
776 3708 900 3771 Sabbata
914 3709 1048 3768 refectio·
1087 3716 1256 3777 ouationem
1279 3717 1354 3776 ferre
1369 3731 1427 3774 nou
1447 3719 1588 3789 poterant,
1603 3712 1664 3772 sela
1688 3712 1833 3781 triduana,
1847 3715 1875 3767 et
1896 3706 1943 3765 bi·

191 3814 259 3858 nem
270 3798 307 3857 ad
320 3811 427 3856 nouam
443 3797 546 3856 boram
568 3813 661 3873 usque
685 3798 801 3858 dillerie
816 3818 823 3859 :
841 3807 875 3860 ut
886 3800 975 3859 semel
987 3800 1048 3875 qui·
1088 3807 1185 3865 duona
1206 3805 1380 3864 abstinentia
1395 3803 1534 3874 contenti,
1553 3826 1564 3856 ι
1580 3801 1669 3873 olera,
1686 3798 1734 3859 vel
1749 3798 1944 3874 quodcunque

190 3889 258 3948 dem
280 3889 343 3963 ipso
368 3887 416 3946 dle
439 3887 596 3962 reficiatur,
618 3888 668 3948 sed
694 3895 790 3949 tamen
818 3890 933 3961 viuum,
959 3897 1048 3966 atque
1088 3894 1239 3969 liquamen
1255 3918 1266 3946 ι
1282 3895 1355 3952 feria
1369 3893 1480 3968 quinto,
1497 3901 1525 3952 ct
1538 3889 1698 3950 Dominicis
1717 3890 1819 3948 diebos
1833 3888 1943 3948 utrius-

190 3977 376 4053 pulmentum
394 3976 539 4053 percipere
560 3993 597 4036 ex
618 3977 709 4053 liujus
730 3985 836 4038 nostrae
855 3978 1047 4039 institutionis
1087 3998 1145 4057 que
1163 3980 1397 4055 Quadragesimie
1414 3982 1451 4040 ad
1470 3980 1656 4041 relectionem
1674 3978 1840 4038 addebant:
1860 3992 1878 4034 a
1897 3977 1942 4050 pi-

189 4068 374 4145 iodulgeutie
397 4085 457 4129 non
481 4068 728 4139 vetetur.»Quod
753 4068 851 4142 ipsum
874 4068 908 4127 Β.
938 4068 1048 4129 Rodul·
1087 4071 1184 4129 seibus
1212 4078 1321 4138 tameo,
1347 4077 1377 4128 et
1401 4070 1480 4139 vino,
1509 4068 1733 4128 solemnioribus
1765 4065 1942 4140 quibusdam

189 4159 265 4234 pbus
278 4157 357 4233 prior·
379 4158 409 4216 in
424 4156 576 4218 Constitui.
592 4157 652 4229 cit,
667 4173 729 4232 cap.
749 4158 790 4228 lt,
804 4157 845 4216 sic
859 4156 979 4217 brevius
993 4174 1045 4216 eri·
1086 4161 1190 4220 diebus
1204 4162 1341 4235 exceptis,
1357 4167 1418 4220 tum
1432 4159 1615 4232 Avellanitae,
1631 4167 1693 4218 tum
1706 4155 1944 4217 camaldulenses

190 4247 289 4323 primii
306 4266 345 4305 :t
377 4246 565 4307 Postmodum
579 4249 700 4320 verulae
714 4254 810 4304 octova
823 4249 976 4318 Pcsetutt'sl
993 4247 1043 4306 tri·
1086 4266 1188 4310 omues
1209 4251 1316 4325 pariter
1339 4249 1533 4309 abstinebant.
1559 4248 1600 4307 De
1620 4248 1724 4322 primis
1745 4247 1824 4305 cuim
1845 4245 1943 4321 iuquit

189 4337 245 4396 bus
273 4336 304 4395 in
330 4335 510 4395 bebdomada
535 4334 640 4394 diebus
666 4339 780 4409 (nempe
805 4334 877 4393 feria
906 4335 1044 4409 secunda,
1088 4340 1189 4401 Petrus
1217 4338 1350 4399 Damiani
1376 4345 1439 4398 tum
1464 4353 1562 4413 opusc.
1586 4349 1651 4406 xlv,
1666 4344 1727 4396 tum
1752 4348 1806 4407 xi,
1821 4350 1883 4409 cap.
1898 4335 1939 4394 6:

192 4434 303 4499 quarta,
316 4433 344 4485 et
358 4431 450 4493 sexta)
464 4439 557 4499 usque
582 4425 768 4484 Pentecosten
796 4424 934 4498 repetitur
955 4424 1043 4484 absti·
1089 4455 1101 4480 i
1118 4430 1151 4488 ln
1168 4428 1311 4505 predictis
1325 4428 1439 4488 duabus
1455 4425 1687 4500 Quadragesimis
1705 4423 1884 4484 consuetudo
1898 4431 1941 4481 te·

190 4514 308 4587 neutia3
323 4513 447 4575 Sabbata
461 4528 529 4572 vero
541 4512 667 4587 simplici
677 4512 789 4589 jejunio
804 4512 999 4587 deputatur.»
1088 4518 1161 4590 nuit,
1177 4524 1209 4580 ot
1222 4533 1318 4594 neque
1328 4516 1487 4588 monacbis,
1501 4530 1596 4590 oeque
1608 4513 1690 4573 laicis
1704 4511 1778 4582 riui,
1793 4512 1838 4572 vel
1853 4512 1942 4571 etiam

224 4609 260 4669 X.
276 4611 342 4670 lam
363 4606 401 4666 ab
426 4613 525 4666 octava
545 4606 727 4667 Pentecostes
740 4623 835 4683 usque
852 4607 889 4668 ad
903 4607 1046 4668 Nativita·
1086 4608 1172 4684 piscis
1210 4608 1353 4683 perceptio
1380 4607 1563 4678 concedatur,
1589 4605 1718 4678 exceptis
1746 4604 1792 4662 bis
1816 4613 1942 4679 quatuor

189 4706 248 4758 tem
269 4695 298 4757 S.
319 4695 441 4755 Joaonis
458 4695 596 4769 Baptistae
616 4703 739 4770 quatuor
761 4695 881 4769 quidem
898 4697 968 4757 solis
981 4698 1045 4758 die·
1087 4696 1302 4769 festivitatibus,
1316 4695 1407 4754 sancti
1433 4695 1541 4754 scilicet
1567 4693 1703 4764 Andreae,
1715 4700 1744 4752 et
1759 4692 1801 4760 ¹B.
1817 4692 1942 4751 Benedi-

186 4783 243 4844 bus
269 4779 451 4852 abstinentia,
471 4796 524 4841 seu
545 4782 706 4856 perlectum
723 4781 871 4856 ieiunium
891 4783 1045 4859 utrobique
1085 4785 1133 4858 cti,
1147 4793 1175 4844 et
1190 4784 1340 4845 [lominica
1357 4778 1532 4852 Palmamm,
1547 4786 1576 4840 et
1588 4779 1676 4840 Coeua
1691 4780 1819 4852 Domim,
1833 4781 1942 4855 quibos

186 4874 219 4933 in
233 4888 289 4934 usu
310 4872 414 4942 luerat,
428 4870 478 4930 sed
497 4880 634 4945 praeterea
659 4871 730 4931 feria
748 4871 831 4931 tertia
853 4873 979 4948 simplici
997 4875 1044 4949 je·
1086 4874 1226 4933 nimirum
1251 4872 1453 4932 sacratissimis
1469 4870 1573 4930 diebus
1589 4869 1691 4944 pisces,
1707 4877 1735 4929 et
1754 4870 1867 4940 virium,
1887 4884 1942 4927 ex-

183 4960 268 5038 junio
292 4961 522 5035 consecrabatur,
537 4976 604 5038 quas
627 4960 796 5035 deincepse
821 4961 891 5021 festo
908 4963 937 5023 S.
954 4961 1044 5024 Joan-
1085 4965 1254 5024 cellentium
1280 4962 1495 5022 solemnitatum
1530 4960 1632 5020 laetitia
1669 4962 1820 5030 invitante,
1848 4958 1941 5032 perci-

188 5050 236 5109 uis
262 5066 356 5127 usque
382 5050 419 5110 ad
445 5050 515 5111 Idus
541 5048 719 5126 Septembris
743 5049 868 5125 geminas
894 5052 1045 5113 refectioni
1086 5054 1209 5128 pient.»
1234 5054 1276 5112 De
1291 5053 1426 5112 secundis
1441 5060 1536 5113 autem
1565 5051 1601 5112 Β.
1622 5052 1794 5126 Rodulpbus
1812 5049 1891 5123 prior
1909 5049 1942 5108 in

188 5137 301 5199 addicta
325 5145 396 5211 erat,
414 5155 533 5217 prorsus
558 5147 590 5202 ut
618 5139 749 5199 Pascbali
771 5147 898 5216 tempore
921 5158 1044 5205 consue·
1085 5141 1205 5201 coostit.
1224 5141 1296 5200 anni
1321 5140 1399 5212 1085,
1419 5140 1514 5214 inquit
1530 5160 1537 5199 ε
1554 5167 1568 5190 «
1585 5140 1647 5200 llos
1665 5147 1708 5198 est
1722 5140 1753 5196 in
1770 5136 1848 5196 binis
1862 5136 1942 5207 Quo-

187 5228 264 5289 visse
277 5228 452 5289 notavimus.
468 5229 513 5289 llo
528 5230 605 5290 Petri
618 5228 751 5288 Damiaui
765 5229 853 5290 verba
872 5247 971 5307 opusc.
989 5244 1044 5293 xiv
1085 5229 1254 5303 dragesimis
1277 5230 1369 5303 pisces
1393 5228 1562 5289 nullatenus
1585 5229 1679 5299 cdere,
1696 5225 1741 5285 vel
1766 5226 1871 5285 vinum
1894 5227 1941 5284 bi-

190 5327 218 5378 et
233 5330 286 5389 xi,
301 5319 418 5393 capii:
445 5319 519 5378 «Ab
541 5327 642 5378 octava
664 5334 733 5378 vero
756 5318 936 5380 Pentecostes
950 5336 1045 5396 usque
1085 5319 1162 5389 berc,
1178 5317 1235 5377 nisi
1255 5320 1285 5376 in
1303 5319 1484 5379 solemnitate
1503 5318 1533 5379 S.
1552 5319 1687 5387 Andreae,
1704 5322 1732 5374 et
1750 5315 1840 5375 sandi
1856 5315 1944 5374 Bene

187 5406 223 5465 ad
241 5406 426 5466 Nativitatem
449 5405 482 5464 B.
502 5407 632 5482 loannis,
651 5409 734 5468 tertia
753 5409 871 5484 quidem
891 5412 962 5470 lesia
975 5411 1042 5486 pul·
1085 5408 1164 5478 dicti,
1180 5415 1208 5468 ct
1234 5416 1341 5468 sanctae
1367 5408 1475 5482 Mariae,
1495 5416 1523 5467 et
1549 5406 1699 5466 Dominica
1720 5406 1752 5463 in
1780 5405 1899 5475 Falinis,
1915 5404 1940 5462 si

188 5503 319 5554 meutum
344 5493 482 5553 fratribus
506 5494 577 5553 bora
594 5510 671 5553 oona
695 5496 841 5570 tribuitur,
854 5500 956 5573 quinta
975 5515 1043 5559 vero
1086 5499 1184 5573 eliqua
1205 5517 1241 5559 ex
1266 5508 1346 5576 parte
1368 5501 1510 5562 Dominus
1536 5496 1737 5570 transmiserit,
1750 5503 1778 5555 et
1799 5497 1830 5555 in
1852 5495 1943 5555 ciens
2038 5514 2040 5524 ¹

188 5584 260 5642 feria
282 5583 399 5644 reiectio
416 5582 548 5656 iteratur.
566 5581 686 5642 Porroa
707 5582 860 5647 testivitate
877 5587 906 5647 S.
922 5587 1045 5650 loannis
1086 5589 1214 5650 Domini.
1245 5589 1492 5664 »Similiterque
1521 5588 1553 5646 iu
1579 5585 1647 5645 aliis
1683 5585 1944 5648 constitutionibus
