4100 6209
183 256 237 315 ⁵2⁹
926 274 1020 331 snnu
1059 276 1094 333 v.
1337 308 1344 329 ,
1768 322 1772 329 .

184 355 234 417 rit,
246 368 329 424 quam
345 353 527 413 inaestimabili
542 359 584 414 sni
610 360 851 433 sanguinispretio
865 379 976 437 compa·
992 276 1202 442 pientissimus
1218 369 1259 425 air
1269 369 1342 426 onrni
1353 373 1465 427 caretur
1483 371 1576 429 livoris
1588 277 1823 435 astariacensis:

182 446 263 502 ravit.
281 445 395 537 Suscipe
408 450 525 522 eqreeiae
542 453 788 511 administrationis
808 456 937 522 officium,
954 467 983 514 ut
1035 461 1061 515 iu
1075 471 1169 517 sancta
1185 461 1291 519 vivebat
1304 463 1435 533 simplicis
1460 464 1543 519 animi
1557 467 1685 536 puritate.
1702 466 1771 521 licce
1790 465 1822 520 li-

182 540 215 592 tle
225 540 363 595 commissi
376 541 470 599 talenti
485 542 591 598 loenote
605 555 716 600 auctura
744 547 848 603 releras
864 547 979 604 luerunt.
1032 554 1115 622 quido
1129 553 1320 611 manifestatur
1334 556 1405 626 quod
1417 569 1467 627 per
1479 555 1819 628 apostolornmprincipenr

181 625 236 681 llec
250 643 418 698 expavescas
431 631 611 702 ignorantiam
628 634 793 700 litterarum,
807 653 861 693 non
876 636 982 696 dubites
1031 644 1147 700 dicitnr:
1165 664 1174 697 v
1191 644 1260 712 Ouia
1271 660 1325 701 nen
1336 654 1379 701 est
1390 661 1566 718 personarum
1582 646 1708 719 acceptor
1737 646 1819 709 bens,

181 719 214 773 de
227 720 472 791 incompositorum
487 726 651 781 enormitate
664 741 833 795 sermonum,
848 730 913 800 quia
935 730 980 786 ille
1030 736 1078 793 sed
1090 734 1116 790 in
1129 736 1203 791 omni
1215 745 1304 806 gente,
1324 738 1370 807 qui
1396 738 1473 794 timet
1485 738 1573 803 illum,
1595 748 1623 794 et
1635 748 1764 809 operatur
1773 737 1820 808 ju.

180 808 226 877 qul
243 818 383 879 lll⁰¹¹¹⁰lei
399 820 436 878 ie.
450 813 509 869 sine
523 813 628 886 legend
644 815 736 873 labore
747 818 864 875 instruet
874 828 916 886 tet
931 822 979 891 qui
1030 827 1143 893 stiriam,
1158 838 1286 899 aceeptus
1298 838 1340 884 cst
1354 828 1390 884 illi
1404 828 1478 899 (Act.
1495 830 1539 898 si.
1552 849 1562 882 ι
1575 829 1642 885 illud
1652 831 1736 886 etiam
1746 845 1821 884 nuuc

180 897 227 951 tibi
245 901 536 960 tioclrlnaecottttnillil
555 904 978 986 officiumdocendietiamsog·
1030 920 1057 973 io
1083 918 1216 976 electione
1239 918 1389 976 beatissimi
1405 920 1487 990 hunius
1507 921 1559 976 viii
1573 936 1622 991 pet·
1645 920 1820 990 semetipsam

178 1004 256 1065 geret
271 996 479 1054 incrementum.
502 999 644 1056 Summum
659 1002 760 1074 quippe
782 1015 825 1061 est
845 1006 974 1071 Verbum,
1029 1010 1297 1082 divinaprovidentia
1315 1010 1463 1068 custodivit
1482 1012 1554 1083 quod
1569 1011 1634 1066 olim
1656 1026 1707 1066 uos
1725 1013 1821 1065 obscr-

179 1087 253 1154 quod
266 1087 313 1141 tibi
325 1090 479 1146 seminandi
494 1092 570 1148 verbi
583 1092 696 1150 exbibet
716 1094 907 1153 ministerium.
922 1096 979 1153 lloe
1030 1117 1093 1159 vare
1106 1118 1154 1172 per
1162 1101 1194 1158 B.
1210 1100 1341 1159 iacobum
1354 1105 1470 1160 monuit.
1481 1104 1527 1159 dit
1541 1104 1614 1159 enim
1628 1103 1699 1158 inter
1708 1110 1818 1157 entem:

175 1174 292 1233 i'erbrun
318 1181 376 1245 tibi,
400 1181 507 1253 tuisque
533 1182 584 1257 [io
617 1185 727 1259 tuique]
756 1186 893 1243 similibus
925 1204 975 1259 per
1031 1193 1167 1251 «Fratres
1180 1196 1245 1261 mei,
1257 1196 1342 1253 nolite
1361 1197 1388 1252 in
1401 1210 1580 1266 personarum
1597 1195 1757 1265 acceptione
1773 1193 1823 1247 ba·

176 1273 358 1343 semetipsum
371 1273 455 1330 dicit:
471 1295 481 1328 r
499 1277 705 1335 Cumstetevitis
716 1288 779 1335 avite
794 1295 882 1351 reges,
895 1280 978 1336 nolite
1027 1285 1184 1343 nereidem
1202 1287 1309 1343 nemini
1323 1288 1410 1345 nostri
1423 1286 1489 1344 lesu
1500 1285 1603 1343 christi
1629 1284 1723 1357 gloriae
1742 1280 1821 1353 ilos·

176 1365 301 1434 cogitare
313 1368 448 1435 qrvomodo
464 1377 511 1423 ant
520 1371 584 1439 quid
592 1354 758 1440 loquamini;
775 1372 884 1428 dabitur
903 1373 976 1428 enim
1028 1377 1071 1450 rr).
1084 1378 1205 1436 rbeiude
1217 1378 1392 1452 subjungitu
1407 1377 1549 1436 Etenimsi
1563 1375 1699 1433 introierit
1711 1376 1739 1431 iu
1752 1387 1821 1430 oon·

177 1452 431 1510 soltisinillabora
450 1457 516 1527 qnid
543 1458 689 1529 loquamini
707 1460 820 1533 lllnttlr.
851 1464 897 1532 s).
917 1479 927 1513 t
944 1460 978 1515 Et
1028 1465 1823 1526 vootomvostrumvieaoreomaonulumbabensinveste

177 1546 299 1601 iterum:
317 1566 326 1596 r
343 1547 400 1603 Nun
414 1565 461 1605 nos
475 1551 552 1615 estis,
565 1552 610 1621 iqui
624 1552 777 1623 loquimini,
790 1553 837 1609 sed
857 1551 976 1624 Spiritus
1026 1562 1142 1618 eandida
1153 1580 1161 1617 :
1173 1562 1309 1618 introierit
1325 1572 1417 1618 autem
1427 1570 1458 1618 et
1471 1575 1575 1632 pauper
1595 1560 1624 1616 io
1648 1556 1760 1614 sordido
1772 1556 1822 1611 lttt·
1886 1542 1894 1549 ²

175 1635 271 1693 Patris
290 1640 384 1702 vestri,
395 1641 441 1709 qui
455 1640 577 1711 i0‘illii'¹r
593 1642 620 1697 in
634 1641 840 1713 vostatione).
860 1662 868 1694 r
1027 1652 1096 1719 bitu,
1109 1661 1138 1709 et
1151 1652 1299 1709 intendatis
1311 1653 1338 1708 in
1352 1667 1428 1717 eum,
1441 1651 1487 1722 qui
1500 1651 1739 1706 indutnsestveste
1754 1659 1823 1716 prm·

214 1728 284 1795 Quid
300 1728 394 1800 plura?
406 1730 525 1787 Taudem
540 1734 758 1799 reniteolumba,
769 1745 797 1790 et
813 1737 975 1791 nrirantibns
991 1742 1112 1821 Beleia,
1124 1752 1152 1799 ct
1162 1743 1287 1800 dixeritis
1301 1743 1342 1800 ei:
1358 1742 1398 1798 Tu
1412 1743 1477 1799 sede
1492 1742 1538 1798 bic
1551 1742 1621 1798 bene
1629 1756 1642 1809 t
1650 1737 1762 1811 pauperi
1773 1751 1823 1792 an·

174 1823 285 1877 enarretis
298 1821 425 1878 dilectum
438 1823 490 1879 sibi
503 1832 584 1893 caput
598 1826 699 1881 invisit.
711 1826 746 1881 Et
759 1826 975 1897 certciamolim
1030 1845 1083 1892 tom
1095 1837 1206 1894 otoqtts:
1221 1837 1261 1892 Tu
1272 1846 1314 1894 eta
1329 1837 1393 1901 titio,
1405 1836 1447 1893 eol
1458 1836 1583 1893 seposuit
1593 1834 1712 1892 manebo
1723 1833 1821 1904 pedum

176 1915 206 1971 in
221 1914 280 1982 eins
295 1925 405 1986 pectore
419 1918 591 1977 invisibiliter
600 1930 672 1989 erat,
684 1921 712 1976 itt
722 1921 801 1992 errius
821 1939 894 1979 nunc
912 1939 975 1979 ver·
995 1974 997 1979 ⁴
1028 1942 1168 1994 meorum,
1183 1927 1410 1998 nervuet'udicatis
1423 1929 1495 1998 apud
1507 1926 1697 1996 vosmetipsos,
1709 1933 1739 1981 et
1755 1923 1821 1979 lacti

176 2012 261 2067 tieem
275 2012 457 2082 corporaliter
468 2014 662 2073 descendebat.
678 2014 733 2072 Sed
749 2016 814 2086 quid
826 2014 884 2087 iam
905 2017 977 2090 lugi·
1028 2017 1094 2074 estis
1100 2016 1207 2088 iudices
1215 2018 1408 2088 cogitationum
1419 2016 1572 2087 iniquarum
1585 2015 1597 2069 l
1611 2033 1621 2067 r
1638 2011 1822 2087 (liidillam

176 2102 253 2161 vivus
268 2102 315 2159 [lei
335 2102 520 2172 laceret‘lem
532 2120 561 2161 se
573 2106 709 2162 verteret?
720 2106 797 2174 Qtvod
812 2109 864 2165 sibi
876 2108 977 2164 latibu-
1027 2108 1050 2165 si
1063 2109 1114 2165 boc
1124 2109 1222 2166 beatus
1242 2108 1382 2180 apostolus
1402 2109 1438 2164 de
1455 2106 1623 2178 quotidianis
1645 2102 1821 2162 consessibus

177 2194 237 2249 lum
253 2196 338 2251 tutius
355 2196 508 2253 inveniret?
536 2198 558 2252 A
586 2208 735 2270 conspeetu
746 2200 869 2265 omnium
894 2200 974 2272 lneit,
1028 2198 1158 2271 loquitnr,
1173 2198 1235 2270 quis
1246 2215 1300 2255 nou
1312 2208 1346 2254 ne
1358 2199 1516 2268 acceptione
1530 2210 1709 2268 personarum
1718 2195 1746 2251 in
1762 2192 1822 2250 cul·

176 2283 275 2339 valens
293 2288 431 2355 opposuit,
456 2287 489 2340 ad
511 2288 657 2344 videndum
683 2289 736 2345 sibi
760 2289 834 2345 solas
856 2290 974 2361 postium
1027 2306 1088 2362 pam
1106 2290 1254 2361 saepissbne
1282 2289 1392 2357 labitur,
1408 2290 1462 2346 nisi
1484 2305 1547 2345 enni
1561 2288 1632 2360 apud
1643 2288 1819 2359 semetipsum

177 2372 295 2428 riumlas
309 2373 465 2444 dereliquit.
481 2375 535 2432 Sed
550 2377 596 2448 qui
611 2378 745 2435 humanos
755 2391 882 2452 aspectus
894 2395 975 2437 aner·
1028 2382 1140 2439 iorsitan
1156 2383 1194 2438 ita
1214 2382 1327 2454 iudicat,
1353 2391 1384 2438 ut
1406 2381 1464 2448 ille,
1481 2382 1525 2438 cui
1546 2382 1677 2437 bonorem
1696 2380 1818 2444 exbibet,

178 2475 240 2519 tere
250 2466 350 2535 potuit,
365 2467 511 2523 columbini
524 2483 640 2526 acumen
659 2470 774 2528 intuitus
796 2489 851 2528 non
875 2474 972 2529 evasit.
1027 2483 1103 2532 tanto
1116 2477 1141 2533 ei
1156 2475 1377 2548 vnelior,qnauto
1393 2482 1423 2531 et
1436 2474 1518 2530 ditior
1529 2474 1653 2529 videatur
1667 2472 1679 2527 l
1694 2470 1747 2528 Sed
1762 2473 1821 2527 baec

176 2555 306 2613 tirtetse
321 2558 537 2628 deprebensum;
566 2562 743 2631 conqueritur
759 2564 831 2620 intra
855 2578 885 2621 se
905 2566 974 2621 nibil
1026 2566 1175 2638 apostolica
1204 2565 1339 2621 sententia
1355 2565 1538 2621 mnercetios
1553 2560 1722 2633 intelligitur,
1737 2559 1820 2617 siiila

173 2648 229 2704 sibi
242 2646 380 2718 proluisse
393 2648 559 2722 coniugium.
576 2649 770 2710 Verumtamen
782 2653 872 2711 adbuc
885 2654 974 2735 snspi·
1026 2655 1137 2712 sedendi
1149 2670 1180 2711 ac
1190 2655 1281 2711 standi
1292 2654 1424 2711 distantia
1436 2654 1470 2708 ad
1487 2653 1606 2709 bonores
1616 2651 1820 2708 ecclesiasticos

174 2750 258 2793 eatur
268 2739 409 2810 deceptam
424 2740 689 2807 errarecolumbam,
702 2758 843 2814 necposse
856 2744 884 2800 in
898 2754 973 2801 taum
1027 2746 1171 2801 reseratur.
1188 2744 1247 2802 Non
1264 2745 1338 2800 enim
1353 2744 1412 2801 leve
1421 2743 1526 2799 crimen
1541 2756 1603 2799 esse
1613 2741 1762 2814 putandum
1775 2750 1819 2797 est

176 2831 322 2889 bominum
340 2832 512 2890 multitudine
524 2842 629 2889 certam
641 2835 757 2906 eligendi
771 2846 866 2891 notare
878 2853 972 2908 perso·
1025 2834 1175 2906 quemlibet
1187 2834 1299 2890 divitem
1311 2833 1347 2889 ad
1359 2830 1538 2890 ecclesiastici
1554 2830 1693 2902 regiminis
1712 2829 1819 2886 culmen

176 2938 255 2979 nam.
271 2922 365 2979 Tertio
378 2923 462 2996 igitur
488 2924 568 2980 adse
583 2923 741 3005 volitantem
756 2926 869 2998 agitatis
886 2927 973 2982 mnni-
1024 2927 1121 2994 evelvi3
1138 2941 1286 2997 pauperem
1310 2940 1376 2982 vero
1401 2924 1567 2980 sanctiorem
1583 2931 1611 2978 et
1634 2921 1785 2978 doctiorem
1799 2938 1818 2977 a

175 3014 229 3071 bus
244 3015 356 3085 repulit,
373 3024 400 3071 et
411 3016 453 3072 sic
467 3016 495 3073 in
507 3017 623 3079 nomine
635 3019 815 3075 sanctissime
831 3018 973 3076 Trinitatis
1024 3018 1190 3093 suscipiendi
1214 3017 1326 3074 lionoris
1348 3016 1481 3089 dienitate
1497 3014 1602 3087 repelli.
1626 3012 1703 3069 Fecit
1725 3013 1819 3082 itaque
1837 3087 1842 3099 ι

173 3102 466 3162 benedictionemsum
479 3107 696 3171 consecrationis
708 3109 822 3178 accepit.
985 3108 1157 3177 crvvirabilis
1181 3109 1209 3164 in
1233 3109 1338 3165 sanctis
1361 3109 1419 3165 suis
1442 3107 1614 3179 rtmrvipotens
1628 3105 1700 3161 bens
1724 3100 1819 3176 (Ptol.

210 3193 235 3250 0
253 3210 364 3259 tronum,
385 3204 413 3253 et
428 3194 579 3252 inauditum
598 3199 777 3267 promotionis
802 3197 942 3254 ordinem!
956 3216 973 3253 o
1025 3203 1126 3270 srvit),
1138 3202 1210 3272 meod
1225 3201 1284 3257 lieri
1295 3201 1454 3270 debereper
1465 3197 1615 3271 apostolum
1626 3211 1704 3252 sumn
1716 3195 1818 3254 docuit.

176 3282 369 3340 admirabilem
391 3286 493 3359 egregii
520 3286 659 3357 pontilicis
686 3274 877 3361 dignitatem!
905 3287 973 3345 llam
1024 3292 1134 3363 quando
1153 3291 1253 3362 spretis
1279 3290 1408 3346 divitibus
1434 3302 1562 3360 maenum
1585 3287 1817 3356 buncpauperent

174 3376 242 3446 quid
260 3374 331 3432 aliud
349 3375 412 3442 luit,
426 3377 454 3432 in
479 3386 560 3447 captet
573 3378 724 3434 beatissimi
739 3379 790 3436 viri
816 3378 971 3436 columbam
1024 3382 1156 3453 squalidis
1183 3382 1306 3436 indutum
1323 3380 1444 3443 vestibus
1463 3378 1496 3433 atl
1517 3375 1699 3449 episcopalem
1723 3375 1817 3430 catbc·
1913 3426 1924 3446 ,

174 3468 263 3523 tertia
275 3466 336 3522 vice
346 3466 523 3534 descendere,
536 3468 588 3524 nisi
598 3478 723 3540 patenter
738 3469 850 3524 illumin
872 3468 972 3534 Patris,
1024 3474 1102 3529 dram
1115 3470 1277 3527 nrirabiliter
1288 3469 1456 3526 sublimarit.
1468 3467 1521 3537 Qui
1534 3475 1662 3537 suscepto
1672 3464 1817 3536 pontiden·

173 3566 203 3613 el
219 3556 297 3624 Filii,
310 3568 338 3614 el
359 3557 478 3629 Spiriltts
505 3558 594 3615 sancii
615 3560 921 3616 nomineconseeratel
940 3558 974 3614 Et
1025 3576 1068 3622 tus
1082 3562 1171 3621 officio
1183 3577 1236 3618 non
1255 3563 1386 3634 mogieex
1404 3559 1499 3617 ordine
1516 3558 1709 3616 ecclesiaslicae
1726 3556 1818 3629 digni.

172 3650 243 3723 quid
258 3649 331 3705 aliud
343 3650 395 3706 luit
408 3651 531 3707 eamdem
546 3652 699 3707 columbam
712 3667 727 3705 a
750 3666 780 3707 se
793 3652 972 3716 exturbando,
1025 3656 1090 3713 tatis
1100 3656 1224 3713 ascendit
1236 3670 1319 3724 qnam
1329 3654 1357 3709 in
1367 3667 1460 3708 arcem
1480 3665 1592 3723 quoque
1618 3664 1732 3706 summer
1756 3662 1820 3704 san·

172 3743 308 3799 manibus
323 3752 446 3813 tangere,
457 3742 509 3798 nisi
524 3741 714 3798 ecclesiastice
729 3740 908 3797 institutionis
925 3757 973 3796 or·
1024 3746 1268 3807 otttatisexoreuit.

172 3832 251 3900 dine,
266 3834 293 3888 iu
309 3834 375 3903 ipsis
389 3830 452 3907 23
467 3831 593 3888 manibus
609 3830 698 3886 oleum
722 3839 824 3889 sanetae
838 3830 974 3887 unctionis
1060 3838 1185 3897 Noenum
1196 3839 1270 3895 enim
1283 3851 1347 3893 oum
1358 3835 1499 3909 regiminis
1508 3830 1772 3903 euramsuscipiunt,
1785 3828 1821 3884 ad

172 3925 322 3995 steinensi
333 3923 401 3980 Nam
418 3926 489 3997 quoti
501 3923 625 3981 columba
639 3926 666 3982 in
684 3923 849 3983 sanctissimi
863 3922 913 3980 liii
929 3937 975 3978 θι-
1024 3933 1186 3991 lacerandos
1198 3931 1322 3988 subditos
1338 3928 1466 4001 pmtinus
1480 3927 1667 3991 inardescunt,
1686 3936 1819 3980 terrorem

172 4029 225 4088 put
245 4016 341 4088 illapsa
366 4017 517 4084 descendit,
536 4016 653 4075 odicium
675 4032 772 4074 manus
793 4013 974 4087 impositionis
1024 4019 1819 4098 pomitosetotoenqotqottos„momoooemqma.

172 4109 312 4180 implerit.
327 4108 506 4177 Quodautem
524 4111 659 4167 saeris-se
671 4109 798 4166 manibus
819 4108 975 4179 tanqi'per·
1024 4114 1067 4186 eis
1081 4120 1226 4179 necennet
1238 4109 1454 4182 quiaebaritatis
1468 4109 1572 4166 viscera
1588 4106 1615 4163 in
1626 4105 1698 4163 tilios
1707 4104 1820 4162 nonina·
1915 4117 1920 4125 ·

173 4202 273 4268 misit,
301 4201 376 4272 ipsas
404 4216 502 4258 manus
527 4202 615 4259 sancti
637 4200 758 4273 Spiritus
783 4200 912 4258 unctione
936 4199 975 4256 si·
1024 4210 1101 4271 beot,
1115 4171 1320 4261 domini'videri
1333 4211 1473 4274 appetunt,
1487 4211 1619 4273 patresse
1634 4215 1695 4257 esse
1708 4200 1821 4255 minime

172 4292 284 4363 Sillii·
1025 4294 1456 4368 recognoscuntt25buntilitatis
1466 4293 1555 4349 locum
1570 4294 1597 4348 in
1612 4292 1757 4350 clationem
1772 4292 1822 4347 tlo-

210 4380 276 4438 i²¹⁰
291 4395 357 4437 l0l⁰
371 4380 435 4437 illud
449 4390 558 4453 quante
569 4380 676 4452 iiiiii»
689 4389 851 4451 quantaeque
863 4391 906 4434 0⁸¹
926 4391 976 4433 0¹·
1026 4387 1183 4443 minationis
1194 4384 1639 4455 immutant,etsemetipsosqnasi
1655 4384 1765 4453 qnidam
1777 4392 1820 4453 ty-

173 4470 325 4539 cellentiae,
341 4468 472 4542 spirilllm
483 4480 607 4527 sanciunt
622 4470 651 4525 itt
668 4468 712 4525 iila
727 4470 813 4542 ligura
825 4467 973 4539 simillime,
987 4465 1014 4525 l)
1027 4476 1412 4550 [enniinsupepbiaeoomibop
1418 4474 1822 4544 exeitootetoiquppqioextpin.

171 4562 203 4618 iu
218 4568 394 4633 (tuacottslai
408 4562 590 4633 superinniti]
604 4560 748 4617 bonrimm
765 4570 899 4627 nostrum.
914 4557 971 4615 lie·
1021 4567 1300 4642 secusblandiuntur,
1316 4563 1610 4620 intrinsecussaeviuut.
1625 4562 1822 4633 bequibospcr

171 4653 315 4711 diaterern
342 4652 469 4710 videlicet
491 4653 539 4709 boi
562 4662 590 4708 et
609 4653 760 4719 bornicum,
776 4650 972 4709 descendisset
1022 4656 1196 4727 semetipsam
1212 4656 1320 4713 tieritas
1329 4656 1417 4715 dicit:
1435 4675 1445 4708 ι
1460 4656 1579 4713 Veniunt
1590 4657 1624 4713 ad
1634 4671 1684 4712 vos
1698 4656 1822 4712 investi·

171 4744 183 4810 l
193 4740 297 4800 llnttl.
312 4745 372 4815 itt-i
394 4742 426 4801 Et
450 4752 526 4800 certe
545 4759 707 4817 quocunque
730 4745 810 4801 modo
840 4742 972 4814 Spiritum
1024 4748 1125 4805 mentis
1139 4746 1243 4815 ovium,
1262 4747 1534 4813 intrinsecusantem
1554 4757 1617 4804 sunt
1631 4747 1686 4819 lupi
1708 4762 1822 4818 rapaces

171 4850 305 4895 sanctum
320 4839 382 4908 quis
394 4836 522 4908 accipiat,
536 4837 625 4909 varnerii
641 4836 786 4904 admodum
800 4834 889 4891 meriti
914 4838 972 4898 est;
1024 4836 1133 4909 (dant.
1152 4836 1211 4909 vni.
1228 4857 1239 4891 r
1257 4838 1287 4895 ln
1301 4838 1472 4896 vestimentis
1484 4838 1686 4911 quippeovinm
1696 4839 1820 4902 veniunt,

171 4931 201 4984 in
211 4927 261 4983 illa
276 4938 369 4984 autem
383 4927 484 5001 figura,
497 4929 523 4984 in
535 4945 589 5001 qua
601 4930 697 4999 etipse
711 4928 866 5001 unigenitus
884 4926 973 4982 Patris
1025 4930 1090 5002 qnia
1105 4928 1191 4986 vellus
1205 4929 1316 5001 quidem
1329 4929 1491 4987 innocentie
1506 4931 1533 4987 in
1548 4931 1692 5003 superlicie
1703 4938 1820 5001 praeterr·

169 5021 193 5079 F
196 5022 277 5087 ilius,
288 5021 412 5092 accipere
426 5016 558 5094 Spiritum
573 5030 710 5088 sanctum,
721 5030 834 5078 summe
847 5027 890 5076 est
908 5034 973 5074 san·
1027 5020 1108 5085 dunt,
1121 5020 1170 5076 sed
1180 5019 1236 5090 lupi
1251 5022 1362 5092 rapaces
1376 5030 1458 5089 sunt,
1472 5022 1537 5092 quia
1549 5020 1658 5077 malitie
1669 5034 1777 5077 morsus
1792 5018 1817 5074 in

169 5114 283 5172 etitatis
307 5114 446 5171 indicium.
474 5114 562 5186 Super
588 5114 662 5185 ipsos
693 5128 811 5184 namque
838 5113 976 5183 apostolos
1026 5109 1133 5166 occulto
1144 5110 1235 5165 cordis
1252 5107 1398 5175 exacuunt,
1410 5125 1464 5165 non
1479 5111 1649 5166 attendentes
1659 5109 1726 5165 illud
1746 5111 1819 5181 quod

171 5205 301 5277 Spiritus
312 5215 424 5262 sanetus
436 5206 463 5261 iu
478 5206 564 5277 igneis
578 5205 679 5275 linguis
692 5204 833 5276 apparuit(
844 5204 902 5258 det.
918 5206 974 5273 n);
1028 5201 1160 5256 Dominus
1184 5199 1325 5270 discipulis
1349 5200 1406 5255 suis
1421 5199 1487 5255 dicit
1504 5215 1510 5254 :
1527 5218 1536 5251 v
1556 5199 1635 5262 Ecce,
1657 5198 1754 5270 inquit,
1769 5213 1820 5268 eqo

169 5311 262 5368 supet·
275 5282 461 5352 beatumve'ro
472 5293 982 5377 Seremrnnoninien'vsimaginemon
1028 5295 1108 5350 mitto
1129 5309 1178 5351 vos
1198 5295 1269 5351 sient
1290 5308 1375 5367 agnos
1396 5294 1467 5350 inter
1492 5295 1568 5366 lupos
1592 5293 1668 5365 (duc.
1684 5294 1819 5366 spritui

169 5388 201 5445 in
217 5387 375 5458 linguarum
385 5387 543 5444 diversitate
553 5405 561 5454 ;
571 5388 707 5456 sed,sieut
719 5402 801 5460 snper
810 5386 976 5457 baptizatum
1029 5385 1101 5441 enim
1115 5383 1204 5440 locum
1218 5383 1420 5453 predicationis
1431 5384 1554 5456 suscipit,
1567 5385 1637 5442 mala
1652 5385 1753 5443 inierre
1766 5402 1821 5445 narn

170 5478 338 5545 Dominum,
354 5478 381 5533 in
395 5477 527 5535 columbe
545 5478 621 5535 visus
632 5487 674 5535 est
685 5478 777 5548 specie
790 5476 904 5548 (llottlt.
917 5477 976 5548 vrv);
1030 5475 1182 5540 ostensui
1204 5472 1330 5541 tolerare,
1357 5484 1387 5530 ut
1405 5489 1437 5530 er
1462 5477 1520 5548 ipsa
1544 5492 1592 5532 sna
1615 5479 1822 5535 mansuetudine

169 5577 203 5621 ut
217 5566 344 5639 pmlccto
356 5568 510 5626 ostenderet
522 5570 585 5641 qnia
598 5570 669 5627 sicut
677 5570 803 5627 columba
815 5566 928 5638 simplex
937 5576 979 5625 est
1031 5566 1100 5623 iram
1117 5566 1285 5624 sevientium
1301 5568 1417 5641 mitiget,
1438 5579 1467 5625 et
1480 5580 1654 5641 pcccatorum
1669 5573 1781 5628 vulnera
1797 5575 1828 5628 in

169 5657 285 5714 anittral
306 5668 387 5732 atque
399 5658 435 5716 ab
447 5660 628 5718 arnaritttdine
653 5660 723 5717 lellis
747 5661 879 5725 alienum,
893 5661 929 5714 ita
951 5669 979 5715 ct
1032 5660 1091 5716 aliis
1105 5661 1164 5731 ipse
1174 5659 1367 5717 afflictionibus
1388 5661 1544 5719 vulneratus
1558 5676 1645 5719 sanet.
1662 5666 1747 5731 Quem
1776 5673 1829 5721 etst
