4100 6209
184 340 237 403 ata
493 342 523 404 S.
543 338 656 403 rarat
675 342 836 403 DAMIANI
855 340 934 404 OPP.
957 334 1052 403 PARS
1072 332 1142 404 SEU
1162 340 1288 404 rodus
1306 338 1345 403 ll.
1364 374 1400 388 -
1421 334 1629 402 senueritis
1879 334 1924 403 tto

185 470 318 530 videlicet
335 469 533 529 israelitarum
553 470 645 543 primo
664 468 771 528 dictum
788 476 850 528 est:
872 495 885 519 «
905 468 996 527 Macte
1010 469 1068 528 efA
1080 467 1208 526 surrexit
1221 483 1299 527 verae
1313 466 1379 525 fidei
1395 464 1588 537 Christianae,
1610 473 1746 541 natoque
1758 467 1850 525 sancti
1867 466 1924 542 Spi-

188 559 329 617 mauduca
345 559 419 627 (Aet.
438 564 480 622 ιι),
503 581 516 607 ι
537 556 618 627 Quod
639 557 818 616 tantumdem
837 566 879 614 εει
897 574 929 616 ac
948 558 971 615 si
991 557 1037 614 di·
1079 557 1152 616 ritus
1163 557 1230 628 igne
1245 572 1402 617 succensus
1415 561 1468 625 est,
1485 562 1517 614 ut
1530 554 1561 613 in
1574 554 1637 627 ipso
1654 569 1724 613 mox
1739 571 1800 614 ειιιε
1814 570 1926 616 eonror·

185 655 316 706 deretur:
332 647 405 705 l'ere
419 652 447 703 et
462 646 536 705 bibe.
557 645 614 717 Sic,
629 648 670 706 sic
686 647 735 705 ille
749 647 859 707 vitulus
874 663 924 721 per
939 649 1037 721 ignem
1078 647 1168 705 sionis
1189 647 1309 707 exordio
1328 644 1460 719 protinus
1486 645 1657 718 martyrium
1686 644 1795 703 anxius
1823 661 1926 721 quare·
2011 698 2015 707 .

186 737 250 806 aeli,
274 745 303 795 et
317 736 409 795 aciem
429 736 509 795 verbi
537 753 702 813 aquamque
731 739 909 810 baptismatis
931 738 968 795 ab
995 739 1038 795 ειε
1079 745 1130 805 ret,
1150 737 1185 796 ad
1205 738 1336 812 martyrii
1355 743 1499 796 certamen
1519 737 1586 795 totis
1604 736 1766 796 visceribus
1785 744 1925 797 aestuaret.

186 825 281 899 potius
301 825 452 899 absorptus
477 833 519 884 est
543 841 617 899 quos
648 832 769 885 conatus
789 833 832 884 est
863 826 1036 895 absorberc;
1078 831 1152 903 Quid
1172 830 1417 905 pluralTandem
1434 830 1470 888 ad
1482 829 1609 903 judicem
1624 835 1741 894 tractus,
1758 828 1927 887 modobfan-

185 917 216 974 in
232 932 280 975 eos
305 916 364 991 ipse
380 919 542 977 transfusus
562 925 604 977 εει
617 935 689 993 quos
711 919 740 977 in
762 935 824 991 sua,
842 921 895 978 boc
916 925 958 978 εει
974 920 1036 978 dia·
1078 921 1159 980 ditiis
1184 926 1352 989 attentatur,
1377 919 1462 977 medo
1487 918 1634 976 minarum
1660 915 1862 991 asperitatibus
1882 915 1926 974 de·
2013 904 2014 959 ἒ

184 1004 284 1070 bolica,
306 1012 466 1064 tentaverat
485 1007 613 1066 membra
634 1010 799 1067 transferre.
818 1007 1036 1077 Verumtamen,
1079 1014 1222 1076 terretur;
1239 1006 1287 1065 εει
1312 1006 1395 1064 miles
1417 1005 1534 1075 Christi,
1557 1005 1607 1079 qui
1631 1020 1720 1077 supra
1744 1003 1857 1061 firmam
1881 1019 1926 1077 pe·
2012 1048 2013 1063 ι

184 1091 253 1165 quia
277 1092 390 1166 Moyses
415 1109 471 1151 non
495 1095 525 1151 in
553 1095 608 1154 boc
636 1101 742 1154 metam
766 1096 887 1155 ultionis
905 1095 980 1163 buit,
1006 1102 1036 1153 ut
1079 1102 1152 1155 tram
1170 1095 1235 1155 fidei
1256 1111 1318 1153 suae
1340 1094 1527 1154 fundamenta
1545 1100 1688 1166 posuerat,
1709 1091 1786 1150 inter
1805 1091 1928 1150 minaces
2013 1120 2014 1169 ρ

183 1180 295 1240 idolum
313 1183 457 1241 duntaxat
477 1184 653 1260 infringeret,
676 1185 725 1244 sed
743 1185 863 1259 insuper
881 1185 991 1243 addidit
1005 1192 1038 1242 ιιι
1079 1186 1185 1245 fluctus
1212 1191 1240 1243 et
1264 1183 1457 1259 procellarum
1482 1180 1784 1240 circumfrementium
1804 1178 1928 1238 turbines

183 1276 211 1327 et
239 1270 344 1342 viginti
375 1270 427 1328 tria
455 1272 549 1331 millia
571 1273 724 1334 bominum
753 1275 907 1333 trucidaret
932 1276 1035 1344 (Εεοι.
1079 1272 1240 1332 immobilis
1258 1271 1436 1346 persistebat,
1454 1269 1614 1343 eodemque
1632 1267 1731 1327 animo
1749 1274 1778 1326 et
1794 1267 1928 1341 despicie·
2014 1260 2015 1263 ’

183 1368 295 1433 axau),
309 1361 429 1436 mystice
439 1361 537 1421 docuit
548 1379 732 1438 nequaqnam
748 1362 795 1417 14
806 1363 947 1435 sufficere,
963 1364 987 1422 si
1000 1364 1037 1421 ab
1078 1363 1127 1423 bat
1139 1378 1273 1437 prospera
1287 1370 1314 1421 et
1328 1362 1454 1422 calcabat
1467 1359 1606 1432 adversa,
1631 1373 1723 1432 eoque
1743 1357 1829 1417 modo
1844 1357 1928 1416 beffa·

182 1447 354 1507 idololatriae
375 1449 466 1520 cultu,
487 1451 532 1508 vel
558 1452 698 1524 pravitate
721 1451 788 1510 ritae
813 1451 941 1526 quisque
965 1468 1035 1511 con·
1080 1460 1123 1513 tor
1147 1461 1282 1511 strenuus
1302 1451 1426 1525 pellebat
1447 1466 1464 1508 a
1489 1448 1662 1523 pavidorum
1682 1453 1778 1505 mente
1803 1445 1930 1505 formidi-

183 1536 317 1610 vertitur,
346 1537 400 1597 uisi
421 1545 448 1596 ει
470 1541 585 1613 ριοριιι
607 1540 676 1597 vitia
696 1539 791 1612 gladio
818 1540 936 1613 spiritus
958 1556 1037 1599 mor-
1079 1559 1158 1609 nem,
1178 1549 1207 1600 et
1229 1542 1314 1601 rudes
1341 1548 1478 1614 tyronum
1500 1536 1613 1595 animos
1634 1534 1670 1593 ad
1697 1550 1820 1609 agonem
1843 1533 1932 1593 divini

185 1625 293 1683 liticare
328 1631 456 1682 conetur.
501 1625 581 1684 Unde
618 1634 647 1685 et
680 1627 850 1699 praedicator
881 1627 1034 1702 egregius:
1079 1632 1245 1692 certaminis
1266 1629 1448 1689 accendebat.
1467 1626 1549 1697 Quod
1570 1627 1659 1686 etiam
1678 1641 1728 1701 ρει
1752 1623 1797 1680 15
1816 1624 1931 1698 Moysen

185 1735 198 1768 ι
220 1713 397 1780 Mortificate,
412 1714 521 1787 inquit,
537 1716 667 1774 membra
688 1722 790 1775 vestm.
816 1732 882 1789 quae
901 1723 968 1775 sunt
987 1734 1036 1777 su·
1080 1720 1109 1778 in
1130 1720 1191 1793 lege
1213 1723 1388 1794 praeceptum
1411 1724 1479 1777 est:
1503 1739 1516 1766 ι
1541 1713 1807 1790 appropinquante,
1829 1713 1932 1788 inquit,

184 1819 236 1881 per
254 1810 368 1873 terram,
383 1803 612 1876 fornicationem,
629 1804 858 1876 immunditiam,
876 1805 1035 1878 luxuriam,
1050 1814 1074 1875 Β
1078 1809 1139 1884 jam
1155 1808 1256 1882 praelio
1273 1807 1360 1865 stabit
1375 1804 1506 1865 sacerdos
1523 1811 1589 1862 ante
1607 1804 1710 1871 aciem,
1730 1809 1758 1861 et
1776 1804 1819 1861 sic
1838 1802 1932 1877 loque·

183 1890 444 1967 concupiscentiam
461 1894 567 1951 malam
582 1900 609 1952 ει
623 1893 786 1964 avaritiam,
804 1910 871 1968 quaa
891 1903 933 1952 εει
947 1892 1037 1954 ιιοιο-
1082 1904 1128 1955 tur
1140 1899 1175 1957 ad
1191 1897 1331 1971 populum
1347 1918 1353 1953 :
1369 1895 1456 1963 Audi,
1473 1893 1569 1953 lsrael.
1585 1892 1642 1952 Vos
1656 1892 1743 1952 bodie
1762 1899 1863 1951 contra
1878 1891 1932 1949 ini-

186 1997 251 2041 rem
266 1980 392 2040 seruitus
407 1984 473 2051 (dot.
495 1988 548 2051 ιιι).
567 2003 581 2035 ι
1083 1985 1171 2045 mices
1187 1992 1295 2044 vostros
1316 1999 1446 2059 pugnam
1467 1982 1656 2052 committitis,
1678 1997 1737 2041 nou
1756 1980 1933 2055 pertimescat

219 2073 255 2131 Et
275 2074 432 2132 notandum
452 2074 521 2148 quia
539 2074 614 2133 sicut
634 2075 680 2134 bic
700 2075 771 2134 vitia
791 2076 921 2134 membra
943 2080 1039 2134 nostra
1081 2089 1130 2133 cor
1158 2081 1298 2144 vostrum,
1323 2073 1411 2132 nolite
1447 2078 1586 2142 metuere,
1613 2070 1703 2130 nolite
1741 2067 1853 2140 cedere,
1884 2083 1934 2126 nec

182 2179 247 2223 esse
264 2164 411 2233 dicuntur,
427 2164 466 2222 ita
485 2172 513 2222 ει
528 2164 590 2223 illic
611 2166 751 2240 perempti
769 2174 847 2237 sunt,
867 2182 933 2224 enm
953 2166 1040 2223 inter·
1083 2163 1243 2222 formidetis
1266 2178 1323 2232 eos,
1341 2161 1410 2236 quia
1429 2160 1572 2220 Dominus
1589 2159 1665 2219 Deus
1685 2166 1779 2218 vester
1797 2157 1829 2216 in
1844 2157 1935 2215 medio

185 2251 343 2313 lectoribus
367 2251 428 2311 suis
446 2253 669 2327 propinquitatis
697 2253 910 2313 necessitudine
932 2253 1039 2328 junge·
1081 2254 1168 2314 vestri
1190 2261 1233 2313 est
1248 2259 1276 2312 ει
1299 2268 1350 2327 ριο
1366 2251 1446 2311 vobis
1461 2249 1752 2309 contraadrersarios
1776 2247 1934 2317 dimicabit,

185 2340 302 2399 bantur.
322 2340 403 2400 Sicut
425 2357 474 2414 ρει
499 2340 616 2415 Moysen
633 2343 739 2402 dietum
765 2350 809 2402 εει
827 2367 832 2400 :
857 2369 870 2393 «
887 2342 956 2401 Haec
970 2342 1041 2401 dicit
1082 2352 1209 2406 uteruat
1221 2360 1273 2404 vos
1293 2344 1328 2403 de
1343 2342 1472 2419 periculo
1486 2345 1571 2417 (beat.
1588 2342 1651 2415 xx).
1673 2362 1687 2396 ι

185 2425 334 2488 Dominus
352 2427 427 2486 neus
456 2429 567 2488 Israel:
600 2430 690 2489 Ponat
719 2431 763 2489 vir
792 2429 921 2504 gladium
952 2447 1043 2502 super·
1119 2437 1153 2495 Et
1175 2432 1585 2510 notandumquodsacerdos,
1611 2432 1663 2506 qui
1688 2428 1863 2490 imminente
1877 2431 1936 2502 iam

186 2516 284 2579 femur
295 2531 403 2586 suum3
420 2515 466 2585 ite,
483 2525 509 2575 ει
526 2516 617 2576 ιειιιε
631 2518 666 2576 de
681 2526 761 2593 perta
776 2535 868 2594 usque
883 2519 916 2576 iu
928 2526 1040 2592 portam
1081 2524 1159 2584 bello
1179 2523 1374 2593 concionatur,
1400 2538 1460 2581 non
1481 2520 1561 2589 alibi,
1588 2520 1638 2579 εει
1660 2527 1727 2579 ιιιιιε
1749 2518 1844 2579 aciem
1862 2527 1935 2576 stare

184 2620 235 2679 ρει
250 2604 380 2662 modium
396 2614 566 2674 castrorum,
586 2612 614 2663 ει
630 2606 739 2665 occidat
757 2608 961 2683 unusquisque
982 2608 1039 2665 lra-
1082 2615 1259 2689 praecipitur,
1273 2618 1305 2672 ut
1319 2611 1451 2671 videficet
1464 2626 1513 2670 eos
1535 2610 1570 2668 ad
1587 2624 1725 2685 pugnam,
1740 2623 1817 2683 quos
1829 2607 1935 2666 adhor-

184 2704 268 2767 trem,
283 2695 446 2754 ellfflifflllss
458 2705 485 2754 ⁰¹
498 2699 665 2769 Amitinum
682 2713 769 2757 sunm
783 2700 881 2766 (Aaou.
898 2704 1007 2767 xxxiv).
1024 2718 1039 2751 s
1083 2704 1241 2763 tationibus
1254 2708 1398 2776 provocat,
1418 2701 1481 2774 ipse
1500 2715 1616 2773 quoque
1631 2698 1760 2774 praevius
1776 2697 1936 2768 antecedat,

186 2786 216 2845 st
240 2802 327 2861 quem
349 2801 416 2860 ergo
435 2787 556 2845 delectat
580 2788 610 2845 in
641 2804 720 2846 arma
750 2804 934 2863 consurgere,
959 2790 1041 2864 quis·
1083 2810 1119 2852 ne
1137 2794 1207 2855 dum
1226 2792 1298 2852 alios
1315 2792 1351 2850 ad
1366 2789 1477 2851 bellum
1497 2789 1647 2864 impellere
1668 2789 1783 2858 nititur,
1806 2786 1867 2861 ipsc
1885 2785 1937 2845 ιε·

187 2873 254 2947 quis
280 2872 397 2931 anhelat
424 2873 564 2934 adversus
598 2875 726 2935 bostium
756 2892 865 2936 cuneos
892 2877 1039 2948 dimicare,
1082 2880 1182 2955 generi
1210 2880 1331 2955 torporis
1361 2878 1419 2938 otio
1443 2893 1494 2953 per
1523 2876 1730 2952 negligentiam
1765 2873 1936 2933 resolvatur.

188 2969 279 3021 vertat
297 2962 503 3035 menesium,
520 2970 548 3022 et
565 2962 625 3023 illic
644 2964 743 3038 plnres
758 2964 886 3024 inveniet
905 2967 1041 3024 adversa·
1083 2966 1166 3027 Sicut
1185 2968 1220 3026 da
1241 2967 1414 3042 quibusdam
1440 2980 1544 3039 magna
1558 2964 1677 3040 quidem
1699 2962 1935 3037 praedicantibus,

185 3053 243 3112 rios
271 3053 495 3123 obtruncandos,
525 3054 604 3112 unde
639 3054 773 3114 videlicet
800 3062 862 3129 post
891 3055 1041 3114 victoriam
1082 3057 1130 3116 sed
1153 3056 1294 3116 desidiose
1321 3054 1498 3126 viventibus,
1525 3069 1576 3128 ρει
1603 3052 1774 3125 Prophetam
1801 3050 1936 3111 dicitur:

187 3157 244 3201 uon
264 3140 417 3199 homicidae
433 3140 542 3200 fredum
558 3157 664 3202 nomen
677 3143 815 3214 incurrat,
834 3144 883 3203 εει
897 3143 1068 3240 gloriosusc
1085 3178 1098 3202 t(
1115 3152 1181 3210 uitii
1199 3128 1325 3225 Ephrem
1347 3149 1529 3209 intendentes
1552 3164 1653 3208 amum
1672 3157 1700 3208 er
1720 3147 1869 3206 mittentes
1893 3162 1940 3205 sa.

141 3270 145 3275 »
184 3229 279 3304 potius
307 3229 501 3302 triumphator
523 3239 665 3306 appareat,
691 3233 768 3293 unde
792 3238 868 3292 certe
887 3248 945 3291 nou
972 3246 1040 3291 san·
1083 3244 1242 3319 gittassuas
1254 3241 1383 3302 conversi
1395 3246 1463 3300 sunt
1477 3240 1506 3299 in
1518 3238 1565 3297 die
1576 3238 1643 3298 belli
1656 3240 1768 3311 (Psatm.
1779 3239 1937 3304 putul.-

186 3320 289 3378 ctuarii
309 3327 453 3378 mereatur
476 3320 594 3380 excludi
613 3320 775 3393 liminibus,
795 3321 845 3380 sed
870 3336 1041 3381 consecrans
1083 3331 1137 3402 Qui
1164 3332 1241 3390 anim
1261 3331 1400 3389 adversus
1423 3328 1561 3388 vaporum
1584 3328 1756 3386 tentarioneg
1778 3325 1816 3384 gd
1834 3323 1940 3384 ωῃρρ.

185 3409 372 3482 semetipsum
388 3409 520 3481 Domino,
542 3410 651 3469 divinar
668 3411 769 3486 gratiae
793 3410 1043 3470 benedictionibus
1082 3427 1161 3480 crum
1176 3420 1249 3479 alios
1262 3426 1427 3493 provocant,
1447 3416 1497 3476 sed
1509 3416 1663 3488 confligere
1678 3413 1734 3489 ipsi
1749 3412 1806 3472 snb
1817 3411 1940 3487 ignobili
2016 3452 2017 3467 ι

184 3506 340 3572 aegeotam
366 3498 487 3558 sicutet
511 3497 572 3557 illis
595 3499 783 3559 dictumest:
807 3500 1041 3571 «consecrastis,
1083 3506 1203 3565 desidias
1229 3506 1369 3580 larrguore
1404 3506 1570 3573 detrectant,
1599 3502 1621 3561 ιι
1651 3502 1795 3561 nimirum
1821 3500 1941 3577 sagittas

185 3584 292 3660 inquit,
319 3600 424 3644 manus
449 3592 558 3644 vestras
579 3587 665 3646 bodie
685 3587 819 3658 Domino,
840 3589 1042 3664 unusquisque
1083 3597 1201 3671 quidem
1219 3593 1359 3669 dirigunt,
1386 3593 1434 3650 εει
1456 3598 1517 3666 ρεει
1541 3598 1618 3665 terga
1635 3590 1779 3661 conversi,
1799 3602 1940 3649 consum·

182 3675 214 3732 1¹¹
246 3674 307 3733 filli>
334 3683 363 3733 et
392 3676 479 3733 stalle
507 3689 578 3746 ⁸11OE
605 3680 637 3735 ut
662 3675 746 3736 detur
774 3677 856 3736 vobis
881 3677 1042 3736 benedictio
1083 3692 1169 3743 matra
1187 3680 1497 3742 victoriatitulesnon
1515 3684 1682 3750 merentum
1698 3692 1751 3737 nec
1766 3677 1808 3737 eis
1823 3675 1942 3751 prodeat

185 3763 289 3833 (adid).
312 3788 326 3811 ι
358 3763 439 3833 Quod
460 3769 559 3822 aulem
578 3763 599 3821 ii
619 3765 670 3839 [tui
691 3765 758 3823 Ctesi
781 3773 849 3826 sunt
869 3764 971 3841 viginti
989 3765 1043 3824 itia
1084 3774 1251 3851 quodbena
1270 3778 1424 3846 coeperant,
1445 3771 1515 3845 quia
1534 3784 1591 3828 non
1609 3766 1859 3845 usqueadfinem
1877 3779 1941 3823 ma·
2016 3788 2017 3791 ¹

183 3852 276 3911 millia
298 3853 389 3911 fuisse
412 3853 611 3927 perhibentur,
637 3869 777 3914 numerus
802 3855 890 3915 trium
913 3854 1043 3914 millium
1082 3861 1259 3937 gnanimirer
1283 3866 1477 3935 perseverans,
1507 3857 1586 3916 Unde
1610 3864 1638 3915 er
1661 3856 1698 3915 de
1722 3852 1783 3912 inis
1807 3854 1942 3928 pmqnus
2016 3856 2017 3899 l

184 3947 398 4014 peremptorum
419 3940 560 4016 triplicem
579 3944 703 4001 formam
723 3943 831 4002 indicat
849 3952 1041 4017 peccatorum.
1083 3951 1234 4025 sequitur:
1258 3972 1272 3997 α
1295 3946 1358 4005 Non
1380 3945 1580 4005 custodierunt
1605 3951 1811 4005 testamentum
1837 3942 1889 4001 Dei
1913 3948 1942 3999 ct
2016 3992 2017 4009 ,

185 4028 278 4088 0ffl⁰⁰
301 4029 409 4104 ‘inille
431 4037 581 4105 peccatum
604 4039 656 4090 ant
680 4032 764 4103 slew,
790 4040 840 4092 aut
867 4034 966 4106 verbo,
994 4040 1044 4093 aut
1082 4042 1114 4101 in
1131 4039 1193 4113 lege
1210 4039 1273 4113 ejus
1291 4036 1447 4096 noluerunt
1461 4034 1612 4094 ambulare
1627 4035 1731 4104 (folda.
1751 4055 1765 4087 ι
1787 4035 1830 4091 Ac
1850 4034 1876 4091 si
1894 4030 1942 4089 di·

186 4118 357 4190 cogitatione
381 4119 600 4178 committimus.
623 4118 677 4179 Sed
701 4120 840 4194 quoniam
860 4120 922 4179 illic
943 4130 971 4181 et
991 4124 1043 4182 de·
1083 4136 1168 4195 cerat,
1199 4130 1389 4200 susceperunt
1412 4123 1530 4197 quidem
1558 4128 1774 4202 testamcutum,
1804 4122 1855 4181 sod
1882 4136 1942 4180 nou

188 4209 1043 4287 nariusnumerusgeminatur,daturintelligiquia,sicut
1083 4216 1478 4290 custodierunt;posuerunt
1493 4213 1523 4271 in
1540 4212 1602 4287 lege
1617 4212 1717 4287 pedem
1739 4227 1790 4286 per
1808 4211 1941 4277 initium,
2016 4288 2017 4295 ἵ

189 4301 364 4375 ὓεεειοιιιιιιι
383 4308 591 4377 praceptorum
609 4303 694 4378 culpa
712 4304 808 4363 menis
824 4303 912 4362 simul
931 4312 960 4363 et
976 4304 1043 4363 ani·
1084 4308 1134 4367 sed
1149 4322 1207 4366 uon
1225 4312 1381 4365 tenuerunt
1398 4303 1621 4379 perseverantiae
1634 4317 1778 4375 gressum.

189 4406 246 4450 mae
259 4406 374 4449 servare
390 4392 627 4465 contempsimus,
640 4391 682 4449 sic
697 4392 791 4449 etiam·
802 4390 954 4467 utriusque
973 4391 1044 4450 vitia
1120 4395 1259 4468 Quisquis
1273 4410 1342 4469 ergo
1354 4393 1390 4451 ad
1411 4391 1562 4467 spirituale
1583 4396 1726 4449 certamen
1741 4390 1815 4449 alios
1835 4401 1944 4463 provo-
2016 4400 2017 4409 ¹

190 4482 332 4542 virtutum
343 4481 434 4541 armis
447 4488 568 4540 atterere
586 4488 615 4540 et
630 4484 803 4541 mortificare
818 4482 967 4542 debemus.
1085 4492 1140 4555 cat,
1155 4483 1287 4559 quisquis
1302 4482 1338 4541 ad
1352 4481 1463 4540 fortiter
1476 4479 1621 4553 agendum
1638 4477 1841 4554 proximorum
1856 4490 1943 4535 men·

221 4569 327 4631 Beatus
351 4570 442 4644 igitur
468 4571 638 4629 Anastasius
666 4577 737 4629 tuno
762 4585 874 4645 magus,
902 4575 1041 4644 tauquam
1085 4571 1265 4647 tesinstigat‚
1280 4571 1364 4630 debet
1379 4571 1479 4644 utiquo
1497 4569 1587 4627 vitam
1599 4568 1772 4628 concordare
1788 4583 1859 4626 cum
1884 4566 1946 4623 lin·
2016 4626 2017 4655 ¹

186 4659 419 4719 aucensvitulus
438 4659 636 4718 contritusest
653 4658 759 4717 malleo
786 4657 998 4732 predicationis
1014 4664 1042 4716 et
1085 4677 1216 4735 gnane,
1236 4661 1307 4719 dum
1326 4659 1392 4719 aliis
1410 4658 1543 4733 proponit
1562 4657 1687 4727 excelsa,
1708 4657 1771 4731 ιρεε
1789 4659 1950 4716 contentus
2016 4678 2017 4689 ι

189 4752 355 4808 transfusus
373 4756 417 4806 est
435 4748 464 4805 in
481 4749 612 4806 membra
625 4747 752 4821 corporis
771 4744 887 4815 Christi,
906 4760 974 4803 mox
988 4761 1042 4804 au·
1085 4748 1153 4807 imis
1177 4752 1325 4823 prematur
1340 4746 1453 4805 inertia.
1480 4745 1557 4804 Hinc
1577 4751 1620 4803 est
1643 4743 1721 4817 quod
1736 4744 1768 4802 iu
1790 4744 1851 4817 lege
1863 4754 1950 4816 prat-

188 4845 246 4897 tem
263 4845 295 4897 nt
308 4836 401 4897 diuini
422 4836 601 4912 baptismatis
616 4837 737 4909 adeptus
756 4842 799 4894 est
818 4842 1041 4906 sacramentum,
1085 4838 1211 4912 cipitur:
1238 4860 1252 4888 ι
1277 4836 1340 4895 Non
1364 4835 1484 4907 habetis,
1509 4834 1614 4909 inquit,
1641 4833 1672 4891 in
1687 4832 1801 4892 sacculo
1828 4831 1952 4890 diversa

188 4928 337 5000 continuo,
358 4926 445 5001 jnxta
461 4927 644 5000 Apostolum,
666 4940 725 4984 non
745 4922 891 5001 acquievit
912 4924 993 4983 carni
1015 4929 1043 4982 et
1086 4927 1222 5002 pondera,
1245 4926 1349 5005 majos,
1376 4932 1404 4983 et
1429 4924 1549 4994 minus3
1574 4937 1628 4981 nec
1649 4921 1703 4981 erit
1731 4923 1762 4981 in
1784 4921 1872 4980 domo
1898 4926 1957 4975 tun

190 5016 329 5091 sanguini
347 5017 451 5084 (Galat.
473 5020 503 5086 ι),
527 5016 576 5075 sed
602 5015 718 5075 fervens
742 5015 772 5073 in
798 5013 910 5088 Spiritu
933 5020 1042 5086 sancte,
1088 5016 1202 5075 modius
1231 5014 1503 5088 major,etn1iuor;
1524 5010 1766 5087 pondusltabetis
1782 5010 1900 5083 justum
1920 5012 1959 5063 et
2016 5032 2017 5055 ι

191 5122 260 5165 rere
280 5106 310 5164 in
332 5121 363 5164 so
387 5103 605 5164 resurrectionis
621 5102 751 5177 insignia
773 5103 890 5161 ιιιιιιιιιιε
913 5101 1044 5161 moribus
1088 5116 1201 5170 verum,
1226 5107 1254 5159 et
1275 5099 1391 5158 modius
1412 5099 1535 5173 aequalis
1555 5105 1582 5156 ει
1603 5113 1689 5156 verus
1710 5095 1766 5154 erit
1786 5095 1840 5154 tibi
1855 5097 1958 5167 (Datt-

189 5195 366 5255 ostendebat.
384 5194 441 5252 Nec
462 5193 579 5251 mirum.
598 5190 679 5249 Sicut
693 5190 773 5249 enirn
794 5189 872 5261 Setb,
890 5190 941 5266 qui
960 5191 1044 5252 vide·
1089 5192 1176 5263 xxv).
1194 5214 1208 5240 ι»
1236 5188 1392 5247 Enimvero
1412 5195 1482 5248 tunc
1495 5187 1527 5245 in
1547 5185 1661 5246 sacculo
1677 5185 1793 5245 diversa
1819 5182 1963 5260 pondera

192 5284 257 5342 licet
277 5284 362 5358 primi
382 5283 476 5340 fuerat
495 5280 624 5339 bominis
643 5279 724 5340 Alius
742 5282 819 5351 (den.
842 5286 884 5350 v),
906 5281 1046 5341 Hebraice
1090 5299 1147 5342 non
1170 5281 1320 5350 babemus,
1336 5280 1362 5338 si
1382 5280 1458 5338 intra
1476 5284 1618 5337 secretum
1636 5277 1822 5336 conscientiae
1838 5278 1964 5334 nostr-aa

192 5376 352 5430 resurrectio
374 5369 501 5439 dicitur;
521 5369 561 5427 ita
580 5375 608 5427 et
627 5369 798 5428 Anastasius
820 5369 857 5428 de
884 5368 983 5428 Graeca
1014 5369 1046 5426 in
1090 5384 1148 5428 nou
1171 5367 1254 5426 aliter
1267 5366 1303 5426 de
1322 5365 1407 5426 nobis
1426 5373 1512 5441 atque
1531 5364 1615 5424 aliter
1638 5364 1675 5424 dc
1692 5363 1760 5423 aliis
1770 5362 1964 5439 judicantes.

193 5467 320 5519 nostram
340 5461 480 5531 linguam,
500 5461 705 5516 resurrectionis
732 5460 808 5530 ptius
830 5457 1045 5533 interpretatur.
1091 5459 1207 5519 easdem
1233 5456 1370 5531 legalium
1399 5462 1607 5531 praceptorum
1634 5470 1787 5515 mensuras
1806 5448 1969 5529 appendi-

197 5550 408 5610 tioaveuienter
437 5551 533 5623 itaque
560 5547 639 5609 filius
672 5548 891 5609 resurrectionis
930 5549 1046 5620 dicitur,
1091 5565 1168 5609 mus.
1185 5547 1342 5617 Nimirum,
1361 5544 1544 5606 utnonaliia
1561 5544 1691 5621 regulam
1709 5544 1845 5603 districta
1860 5554 1966 5598 sere·

194 5640 411 5717 quiamortuus
427 5639 515 5698 estin
533 5651 567 5697 eo
584 5652 686 5711 magus
697 5644 784 5712 atque
798 5637 965 5711 sacrilegus,
980 5652 1047 5711 pro·
1095 5637 1189 5696 ritatis
1206 5635 1343 5709 indicere,
1366 5634 1555 5710 nosmetipsos
1572 5648 1638 5693 tero
1656 5632 1825 5692 studeamus
1840 5625 1972 5689 remia·
