4100 6209
152 293 203 352 657
889 292 1014 355 subito
1032 293 1166 353 XXVIII.
1850 289 1906 352 658

152 419 199 477 tiae
219 417 363 477 tramitem
388 417 511 477 firmiter
531 419 684 493 roborata,
709 426 771 497 post
794 418 1097 482 oblectamentoAbili
1117 433 1202 477 carne
1230 418 1398 491 perfruitur,
1417 432 1485 476 mox
1506 421 1540 476 ut
1560 415 1674 489 obierit,
1690 415 1726 475 ad
1744 414 1903 490 plenitudi-

150 507 277 579 renium,
292 511 321 565 et
343 509 495 565 aestuantis
516 507 663 569 incentiva
678 510 774 569 earnis
791 510 943 579 exstincta,
961 508 1007 567 vir
1049 524 1116 568 nem
1152 507 1307 583 profundae
1339 521 1372 565 ac
1406 504 1624 579 perfectissimae
1654 503 1905 579 contemplationis

149 596 275 670 quisque
300 596 444 669 perfectus
466 595 501 653 nd
523 601 631 655 tanum
649 597 857 672 plenitudinem
876 605 1005 656 contem·
1049 596 1199 669 attollitur,
1215 596 1286 655 adeo
1299 600 1332 654 ut
1346 594 1381 652 ad
1395 592 1589 653 contuendam
1607 593 1700 667 ipsam
1715 605 1839 652 summas
1853 606 1905 650 ve·

148 683 285 757 piationis
306 683 457 753 attollitur,
474 690 507 742 ut
519 685 590 743 dum
605 700 663 743 uon
686 693 777 760 potest
790 692 846 745 tam
866 684 1007 744 eximiam
1049 688 1141 746 citatis
1160 689 1285 762 speciem
1305 685 1689 760 provebaturttcor.x111).
1709 684 1793 743 Tune
1808 684 1906 759 itaque

147 772 375 845 profunditatem
404 773 439 830 ad
467 772 613 847 liquidum
644 775 897 849 comprehendere,
926 774 1007 833 velut
1050 781 1161 834 torrens
1188 790 1245 834 uon
1272 777 1364 847 potest
1389 771 1550 846 pervadari,
1578 772 1649 846 quia
1666 772 1814 831 mellifluae
1839 788 1906 832 eon-

148 862 344 921 excrescentis
356 862 445 920 undae
462 861 570 920 vadum
585 877 668 921 meus
687 877 745 922 non
767 863 860 922 valeat
877 865 1007 923 humana
1050 864 1244 940 temptationis
1258 872 1366 923 aeterna
1376 861 1498 922 dulcedo
1512 860 1596 922 uutlo
1612 863 1673 937 jam
1688 863 1746 922 line
1759 862 1904 934 concludi,

148 948 283 1007 transire.
1049 952 1129 1013 urrlla
1164 960 1326 1027 temporum
1360 950 1436 1010 valet
1462 950 1626 1027 prolixitate
1663 950 1752 1009 liniri.
1781 951 1906 1012 Torreus

183 1035 257 1105 Quae
269 1034 404 1095 videlieet
418 1034 516 1094 omnia
536 1034 624 1108 gestis
640 1035 673 1095 Β.
688 1035 785 1096 Alexii
806 1042 1007 1113 congruentis·
1049 1059 1117 1117 ergo
1130 1043 1180 1102 ille
1194 1040 1444 1117 contemplationis
1465 1047 1593 1112 aeteroae,
1610 1057 1679 1115 quaa
1696 1057 1757 1101 non
1772 1048 1842 1102 ωηο
1855 1059 1907 1117 per

146 1125 221 1183 sime
247 1122 383 1182 videntur
405 1123 508 1198 aptari.
525 1122 597 1182 Nam
622 1140 690 1183 cum
712 1142 729 1183 a
751 1127 878 1201 paternis
898 1129 1008 1189 laribus
1050 1133 1139 1192 iidem
1161 1133 1312 1207 quaeritur,
1329 1131 1378 1191 sed
1405 1146 1455 1204 per
1476 1131 1600 1206 speciem
1618 1130 1679 1205 jam
1696 1137 1820 1206 tenetur,
1836 1132 1907 1205 quia

145 1221 234 1288 atque
255 1215 291 1272 ab
315 1213 404 1288 hujus
428 1214 529 1272 muudi
555 1213 681 1275 vanitate
704 1217 848 1288 recedens,
869 1220 1008 1280 exsilium
1050 1222 1142 1281 nescit
1165 1222 1296 1293 transire,
1319 1220 1421 1295 nequit
1433 1219 1553 1278 omuino
1570 1217 1684 1277 transiri
1692 1227 1742 1290 ;et
1760 1219 1829 1294 quia
1848 1236 1906 1280 nou

145 1303 243 1377 petiit;
261 1310 332 1363 tuuc
355 1302 411 1361 sibi
434 1304 649 1377 quodammodo
673 1322 747 1380 aqua
769 1309 903 1367 torrentis
919 1310 1009 1385 hujus
1050 1313 1126 1372 valet
1144 1312 1282 1370 humanis
1295 1309 1478 1370 sermonibus
1492 1309 1628 1383 exprimi,
1645 1324 1703 1368 oou
1719 1316 1820 1385 potest,
1834 1309 1908 1368 sicut

73 1404 79 1414 ’
144 1392 182 1451 od
209 1393 282 1451 talos
307 1407 400 1468 usque
416 1395 559 1466 pervenit.
580 1394 651 1453 Haec
668 1411 744 1471 aqua
763 1412 854 1473 usqne
874 1400 909 1458 ad
936 1399 1009 1459 talos
1050 1402 1167 1472 dieitur,
1191 1401 1228 1460 ab
1260 1399 1379 1459 homine
1410 1399 1571 1474 pervadari.
1600 1398 1686 1459 Hunc
1717 1400 1831 1460 sitiebat
1858 1400 1908 1460 ille

146 1483 244 1558 Moysi
260 1489 288 1542 et
300 1483 390 1544 losue
404 1492 473 1544 tunc
492 1484 674 1556 ascendebat,
692 1500 758 1544 cum
776 1487 818 1546 eis
836 1502 894 1545 vox
909 1488 1009 1548 divina
1051 1496 1219 1559 torrentem,
1246 1486 1297 1561 qui
1327 1485 1384 1546 sub
1411 1501 1460 1558 spe
1485 1492 1561 1545 certa
1586 1487 1648 1561 J'am
1674 1486 1908 1560 gratulabundus

142 1572 284 1647 J'uberet,
308 1580 340 1632 ut
362 1573 554 1633 calceamenta
575 1574 611 1633 de
636 1575 698 1633 suis
718 1576 840 1648 pedibus
864 1577 1010 1637 solverent
1049 1581 1166 1640 aiebat:
1191 1578 1280 1653 «Ego
1302 1583 1399 1636 autem
1413 1592 1481 1636 eum
1494 1576 1608 1651 justitia
1623 1577 1766 1650 apparebo
1786 1578 1817 1635 iu
1836 1592 1907 1636 eon-

144 1664 390 1734 (baudrinus.
418 1668 461 1734 v).
485 1664 554 1724 Haec
574 1664 738 1738 apostolicis
756 1668 937 1741 postmodum
958 1684 1009 1743 pe-
1050 1678 1149 1747 spectu
1168 1678 1236 1741 luo;
1259 1668 1384 1728 satiabor
1407 1670 1478 1727 dnm
1497 1666 1729 1726 manifestabitur
1749 1666 1841 1740 gloria
1860 1675 1908 1728 tua

144 1749 235 1812 dibus
249 1753 399 1826 influebat,
416 1770 485 1814 cum
499 1756 543 1814 eis
560 1755 723 1814 diceretur:
750 1756 875 1816 «Nolite
896 1761 1133 1835 portarefllt’sot.
1148 1763 1222 1834 xvi).
1240 1781 1254 1814 u
1277 1759 1318 1818 lte
1337 1759 1391 1817 hoc
1404 1758 1508 1816 iterum
1532 1756 1602 1815 dicit
1620 1779 1626 1813 :
1649 1776 1663 1808 u
1682 1753 1909 1815 Inebriabuutur

143 1840 316 1912 sacculum,
338 1857 434 1916 oeque
454 1859 571 1916 peram,
594 1859 689 1918 oeque
714 1845 907 1904 calceamenta
929 1850 1005 1916 (tue.
1048 1848 1085 1907 ah
1110 1848 1240 1908 ubertate
1263 1847 1368 1906 domus
1387 1853 1455 1916 tuae,
1477 1852 1505 1902 et
1523 1849 1649 1903 torrente
1672 1843 1829 1917 voluptatis
1851 1849 1909 1903 luto

144 1933 188 1997 x).
217 1928 408 2003 »Oportebat
439 1931 542 2002 eninr,
573 1939 605 1991 ut
641 1933 859 1993 annuntiatores
895 1935 1007 1996 Veteris
1047 1935 1160 2011 potabis
1186 1949 1245 2005 eos,
1268 1931 1409 2006 quoniam
1428 1929 1505 2004 apud
1531 1936 1556 1987 te
1579 1935 1623 1987 est
1646 1927 1711 1988 fons
1734 1928 1803 1987 vitas
1822 1931 1905 2002 (Paul.

143 2017 334 2088 Testamenti,
364 2025 393 2077 et
417 2020 617 2093 praedicatores
643 2020 819 2093 evangeliea
848 2022 926 2095 lldei,
956 2040 1008 2099 per
1048 2028 1196 2100 xxxvl.»
1225 2024 1269 2084 Ad
1295 2023 1385 2097 hujus
1410 2021 1548 2080 immensi
1572 2019 1706 2079 torrentis
1727 2019 1760 2078 B.
1783 2021 1909 2079 Alexius

143 2108 225 2168 viam
256 2124 334 2168 verae
372 2111 546 2170 humititatis
582 2111 759 2183 incederent,
785 2121 813 2172 et
843 2116 1007 2175 morticinio
1048 2116 1191 2191 profunda
1223 2114 1333 2172 fluenta
1360 2111 1504 2187 pervenit,
1532 2124 1597 2170 cum
1620 2109 1651 2167 in
1676 2117 1795 2183 paterna
1821 2109 1907 2170 domo

144 2197 273 2270 tegmine
295 2197 417 2270 vestigia
438 2214 495 2257 non
518 2199 681 2269 munirent,
705 2200 756 2273 qui
786 2199 873 2260 vitam
900 2203 1006 2277 populo
1049 2210 1110 2278 post
1138 2201 1268 2262 victoriae
1290 2199 1425 2274 gloriosae
1451 2198 1633 2271 triumphum
1661 2196 1785 2255 feliciter
1811 2193 1905 2255 obiit:

143 2285 325 2358 nuntiarent,
339 2286 389 2344 sed
413 2286 488 2345 illud
508 2285 538 2345 in
560 2302 591 2345 se
610 2288 760 2361 spirituale
776 2295 889 2363 tegmen
909 2300 1006 2350 osten·
1048 2292 1247 2366 triumphum,
1275 2290 1413 2364 inquam,
1441 2287 1510 2361 quia
1538 2285 1707 2345 admiranda
1733 2285 1824 2345 sancti
1849 2285 1904 2344 viri

143 2375 257 2444 decent,
278 2374 314 2433 de
339 2391 397 2449 quo
423 2376 576 2451 Apostolus
597 2377 637 2436 ait
658 2400 664 2434 :
693 2401 706 2428 a
728 2375 851 2437 Calceati
869 2380 955 2452 pedes
973 2379 1004 2441 in
1048 2381 1137 2457 bujus
1156 2379 1214 2438 vita
1235 2394 1301 2438 vere
1322 2378 1491 2452 triumphus
1509 2382 1552 2435 est
1573 2381 1601 2434 ct
1623 2390 1698 2434 nova
1713 2380 1800 2448 atque
1820 2373 1906 2434 inau-

144 2462 357 2537 praeparatione
371 2463 519 2538 Evangelii
534 2465 614 2538 pacis
628 2468 741 2538 (Eptcs.
758 2472 810 2536 vr).
828 2488 842 2520 n
858 2466 941 2527 Unde
956 2485 1006 2545 per
1048 2470 1108 2530 dita
1133 2470 1194 2528 fere
1217 2467 1335 2527 victoria
1348 2485 1356 2538 ;
1371 2481 1506 2539 cumque,
1524 2464 1611 2539 juxta
1630 2462 1831 2538 Propheticam
1854 2478 1905 2522 vo-

142 2550 250 2610 lsaiam
271 2551 404 2611 dicitur:
434 2574 447 2605 u
468 2553 548 2614 Beati
571 2542 657 2627 pedes
676 2555 938 2630 evangelizantium
951 2573 1005 2630 pa·
1049 2573 1133 2629 cem,
1159 2557 1302 2617 mimbilis
1327 2557 1405 2618 Deus
1436 2556 1474 2614 sit
1500 2555 1532 2613 iu
1559 2555 1667 2614 sanctis
1693 2555 1776 2628 (Prot.
1801 2553 1905 2624 cxvut,

143 2660 219 2718 cem,
238 2646 500 2721 evangelizantium
523 2647 597 2707 hona
622 2651 700 2714 (lsai.
715 2653 776 2716 uu).
800 2667 815 2700 a
838 2647 911 2706 Cum
936 2663 1005 2707 vero
1049 2649 1080 2706 io
1096 2648 1185 2724 huius
1198 2647 1301 2708 invicti
1319 2647 1422 2706 militis
1439 2645 1485 2706 sui
1502 2645 1657 2721 spectaculi
1674 2645 1806 2705 tirocinio
1827 2650 1905 2703 tanto
1928 2671 1937 2687 ·

143 2737 174 2797 S.
204 2738 330 2797 Alexius
351 2755 402 2814 per
422 2738 590 2812 longissima
612 2745 774 2813 temporum
798 2739 888 2814 spatia
918 2747 1005 2799 tantm
1048 2739 1210 2799 mirabilior
1238 2737 1370 2810 exstitit,
1385 2743 1493 2813 quanto
1513 2752 1565 2810 per
1590 2736 1670 2796 huuc
1691 2741 1790 2795 contra
1811 2733 1906 2792 carnis

141 2831 321 2906 paupertatis
338 2830 467 2905 inopiam
490 2830 520 2888 in
544 2830 650 2903 ignens
668 2829 778 2889 finibus
794 2837 958 2889 constanter
970 2845 1005 2889 ac
1048 2827 1212 2901 illecebras,
1248 2835 1346 2887 contra
1385 2825 1495 2885 fraudIs
1537 2823 1689 2884 diabolica
1728 2828 1904 2882 summonte

140 2919 354 2994 patientissime
378 2920 504 2994 pertulit,
530 2924 600 2979 tunc
621 2919 656 2978 ad
680 2919 745 2994 ejus
763 2934 858 2992 genua
871 2919 1004 2978 torrentis
1047 2934 1123 2978 novo
1136 2921 1223 2992 alqrm
1237 2915 1355 2976 insolito
1367 2914 1498 2989 martyrii
1512 2929 1617 2988 genere
1635 2912 1795 2972 dimicavit.

139 3024 219 3082 aqua
235 3008 451 3084 surrexil,quIa
465 3023 514 3082 spe
530 3006 634 3068 muudi
647 3023 766 3081 prorsus
779 3007 932 3078 exstincta,
940 3008 1003 3083 iam
1082 3007 1176 3066 Vetus
1204 3020 1273 3064 sane
1301 3004 1387 3063 tradit
1413 3002 1533 3062 historia
1556 3002 1707 3074 thuruch,
1729 3004 1803 3059 lftst.
1823 3005 1903 3062 Rom.

139 3097 239 3156 invia
264 3097 382 3156 Domini
397 3096 504 3156 mentis
523 3112 584 3156 suae
599 3096 720 3171 vestigia
739 3096 862 3155 firmiter
881 3104 910 3155 et
924 3096 1031 3188 invi-G
1046 3093 1097 3154 fib.
1115 3108 1136 3154 u
1159 3095 1190 3152 iu
1216 3094 1289 3163 lint,
1303 3092 1372 3167 quia
1392 3090 1516 3152 Romani
1537 3105 1605 3150 cum
1627 3090 1903 3163 Carthaginensibus

137 3185 269 3245 ctissime
296 3186 440 3246 roboravit
466 3205 473 3244 z
501 3184 686 3260 postmodum
717 3199 786 3243 vero
819 3200 887 3244 eum
923 3184 1000 3243 intra
1045 3182 1141 3243 navali
1159 3182 1317 3241 certamine
1339 3180 1536 3254 confligentes,
1557 3178 1709 3237 obtinuere
1732 3177 1902 3248 victoriam;

137 3278 270 3345 pateruae
290 3271 394 3331 domus
413 3271 485 3330 atria
505 3272 630 3346 degeret,
647 3286 715 3329 eum
731 3270 862 3330 carnales
880 3271 1000 3330 affectus
1043 3290 1094 3333 nec
1117 3272 1198 3333 ultus
1221 3287 1362 3347 unquam,
1378 3273 1453 3330 sicut
1467 3269 1529 3328 illie
1541 3267 1657 3342 legitur,
1673 3267 1812 3328 Romanis
1833 3285 1901 3343 gra·

138 3358 272 3432 undique
299 3366 438 3432 cerneret,
468 3376 537 3419 cum
563 3366 714 3434 pareutum
742 3358 998 3431 necessitudinem,
1042 3363 1097 3421 tior
1117 3362 1210 3436 potuit
1230 3376 1292 3420 esse
1319 3359 1497 3433 triumphus,
1513 3364 1544 3416 ut
1563 3356 1615 3432 qui
1632 3356 1762 3416 hostibus
1776 3357 1838 3417 suis
1851 3373 1900 3415 ea·

138 3463 209 3506 curn
226 3455 312 3520 certe,
328 3450 405 3524 quod
420 3449 568 3508 difficilius
582 3456 609 3509 et
624 3449 837 3509 intolerabilius
858 3457 928 3522 erat,
947 3466 998 3509 ve·
1041 3455 1129 3508 tenus
1163 3450 1280 3507 fuerant
1308 3448 1340 3506 iu
1371 3453 1483 3506 terrena
1506 3444 1717 3503 concertatione
1747 3443 1900 3513 terribiles,

137 3543 258 3597 nustam
288 3554 403 3613 sponsa>
431 3539 554 3612 speciem
580 3555 596 3597 a
623 3538 801 3611 quotidianis
831 3540 1000 3613 mutuisque
1042 3555 1121 3600 nune
1144 3545 1240 3599 esseut
1258 3545 1286 3598 et
1305 3539 1381 3597 inter
1400 3535 1511 3595 marina
1529 3536 1639 3595 fluento
1654 3534 1784 3593 victores.
1803 3532 1901 3591 Victo·

135 3625 340 3699 conspectibus
363 3626 452 3687 vitare
471 3643 529 3686 non
554 3635 657 3702 posset,
680 3634 748 3687 tune
766 3628 847 3687 velut
864 3629 899 3687 ad
916 3644 1000 3687 renes
1040 3630 1084 3688 ria
1107 3628 1197 3702 igitur
1219 3626 1271 3685 illa
1295 3627 1402 3686 idcireo
1427 3624 1520 3699 magis
1542 3639 1618 3696 earn,
1642 3621 1711 3698 quia
1735 3637 1813 3692 rara;
1834 3621 1900 3680 ideo

135 3718 202 3791 ejus
235 3732 311 3791 aqua
349 3718 482 3777 torrentis
520 3718 669 3787 excrevit,
699 3718 768 3793 quia
796 3718 838 3778 sic
875 3718 999 3778 ccelesiis
1040 3717 1108 3792 plus
1134 3714 1270 3790 gloriosa,
1295 3713 1365 3789 quia
1391 3728 1476 3772 nova.
1508 3711 1588 3772 Sicut
1614 3726 1683 3785 ergo
1710 3709 1823 3768 navalis
1850 3708 1900 3767 ille

135 3807 281 3881 sapientia
318 3811 414 3867 carnis
453 3809 516 3882 ejus
568 3809 714 3869 incendva
757 3811 931 3885 perdomuit,
971 3817 999 3870 et
1042 3805 1301 3881 triumphus,quia
1318 3819 1424 3876 novus,
1442 3802 1550 3877 gratior
1568 3800 1625 3861 luit
1641 3800 1757 3871 Romae;
1774 3800 1813 3859 itu
1832 3817 1899 3876 pro-

132 3895 294 3960 exstinxit:
325 3897 367 3954 sic
394 3898 486 3957 sancti
513 3896 638 3972 Spiritus
668 3900 753 3958 ardor
789 3899 904 3959 lumbos
935 3901 999 3975 ejus
1042 3898 1115 3956 fecto
1130 3895 1206 3954 beati
1220 3895 1313 3954 virtus
1323 3893 1422 3953 Alexii
1441 3898 1557 3968 propter
1574 3890 1719 3950 insolitam
1740 3889 1897 3950 novitatem

131 3999 168 4041 ac
196 3999 281 4042 renes
307 3986 432 4058 excoxit,
466 3992 497 4044 ut
523 3986 595 4045 dum
631 3987 783 4047 vasculum
812 4004 900 4048 sunm
926 4005 998 4065 quo·
1041 3985 1132 4060 magis
1147 3984 1237 4059 placet
1250 3983 1395 4042 Ecclesiae.

132 4071 257 4131 tidiauis
285 4072 356 4128 145
381 4092 514 4150 supernae
544 4076 645 4150 gratim
669 4077 788 4137 fluentis
819 4076 997 4153 infunderet,
1075 4072 1166 4132 David
1180 4087 1249 4131 sane
1268 4072 1339 4132 dum
1358 4087 1388 4131 se
1409 4086 1507 4131 eoram
1529 4070 1618 4130 hobis
1636 4084 1733 4143 regem
1750 4068 1834 4141 Geth,
1852 4068 1900 4129 fu·

131 4160 233 4220 carnis
246 4161 397 4221 exstInctae
418 4163 551 4222 materies
571 4164 688 4223 nullum
716 4165 841 4225 titillanti
869 4165 997 4225 luxuriae
1039 4162 1148 4222 riosum
1166 4177 1198 4219 ac
1217 4160 1382 4220 dementem
1399 4153 1497 4231 finxit,
1520 4159 1651 4234 gladium
1672 4156 1736 4231 ejus
1755 4157 1899 4232 sapienter

134 4252 266 4311 fomitem
286 4252 472 4312 ministraret.
492 4254 538 4313 hd
557 4270 640 4312 renes
661 4270 728 4328 ergo
750 4253 825 4314 beati
850 4255 905 4315 viri
931 4264 999 4316 tuuc
1038 4253 1130 4313 evasit
1152 4257 1178 4322 (l
1199 4257 1265 4322 ltep.
1280 4257 1346 4324 xri).
1366 4252 1497 4312 Salvator
1516 4259 1613 4312 noster
1629 4248 1777 4309 descendit
1793 4249 1823 4308 in
1844 4257 1899 4310 tar-

131 4356 212 4416 aqua
228 4343 368 4415 pervenit,
382 4344 450 4418 quia
463 4343 714 4419 Spiritussauclus
728 4345 758 4403 iu
771 4361 805 4404 eo
819 4355 997 4419 exaestuans,
1040 4349 1144 4414 tarum,
1175 4360 1235 4403 non
1258 4351 1291 4403 ut
1308 4344 1382 4403 illud
1402 4344 1483 4403 velut
1504 4345 1646 4406 habitator
1662 4343 1733 4402 146
1749 4342 1897 4412 iuooleret,

129 4433 275 4509 juvenilis
295 4433 387 4492 auris
405 4433 574 4494 incendium
595 4442 624 4494 et
652 4434 744 4494 illices
771 4437 938 4511 passionum
963 4438 996 4497 ti·
1038 4433 1087 4491 sed
1116 4440 1149 4492 ut
1177 4432 1338 4492 destructor
1364 4433 1461 4507 potins
1483 4442 1512 4492 et
1533 4449 1649 4494 eversor
1676 4432 1826 4493 diabolicae
1852 4444 1899 4488 oe

132 4519 294 4579 tillantium
317 4529 412 4578 motus
430 4520 541 4580 occulto
560 4522 607 4582 sui
628 4521 700 4580 roris
718 4522 834 4581 madore
848 4524 989 4597 perfudit;
1005 4486 1139 4595 unitiae
1162 4519 1285 4578 latebras
1305 4518 1466 4594 dissiparet.
1489 4520 1536 4580 Sic
1558 4529 1586 4580 et
1610 4521 1642 4579 Β.
1667 4521 1801 4588 Alexius,
1827 4516 1898 4575 dum

131 4615 163 4666 et
177 4609 218 4667 sic
232 4623 350 4668 omnem
366 4608 494 4668 luxuriae
509 4609 648 4682 fomitem,
664 4610 716 4684 qui
733 4611 763 4668 in
778 4612 841 4685 ejus
858 4611 994 4671 medullis
1038 4614 1186 4681 paternam
1202 4606 1321 4666 domum
1347 4613 1486 4682 tauquam
1506 4607 1688 4683 retrogradus
1708 4604 1898 4666 abrenuntia·

131 4704 222 4769 atque
258 4696 419 4757 visceribus
451 4697 619 4757 naturaliter
645 4705 754 4772 poterat
786 4700 897 4769 ardere,
929 4715 996 4758 cou-
1039 4702 1083 4755 tor
1108 4696 1278 4769 ingreditur,
1302 4696 1413 4771 decepit
1434 4697 1535 4756 mundi
1560 4698 1730 4773 priuprem,
1745 4694 1899 4768 omnisque

130 4785 268 4860 sumpsit.
287 4785 322 4844 Ut
337 4794 432 4845 auum
448 4793 539 4846 totum
558 4788 716 4862 prophetiae
737 4789 824 4863 hujus
843 4788 993 4849 oraculum
1040 4785 1149 4844 fraudis
1164 4793 1251 4860 atque
1265 4787 1385 4846 malitiae
1400 4787 1502 4847 fefellit
1515 4795 1671 4847 auctorem.

131 4874 219 4933 beato
237 4874 306 4932 huic
326 4874 389 4933 viro
403 4875 609 4934 convenienter
621 4882 745 4950 aptetur,
760 4877 835 4936 illud
851 4879 937 4937 etiam
957 4878 993 4937 ab
1074 4873 1157 4934 Unde
1186 4891 1296 4935 novum
1323 4877 1452 4952 martyrii
1481 4894 1573 4952 genus
1597 4894 1706 4938 novum
1729 4878 1838 4953 praebet
1865 4875 1896 4934 iu

131 4979 171 5023 eo
201 4978 258 5023 non
289 4962 427 5034 dissonat,
456 4966 534 5040 quod
559 4972 702 5040 postremo
723 4967 784 5041 jam
812 4968 906 5027 dietus
933 4983 995 5043 pro·
1038 4964 1229 5024 admiratione
1255 4967 1460 5039 spectaculum.
1488 4966 1663 5042 Martyrihus
1689 4966 1767 5026 cuim
1800 4981 1897 5025 carcer

131 5051 223 5127 pheta
241 5058 397 5110 torrentem
419 5053 543 5112 transire
569 5069 626 5113 non
649 5057 753 5128 potuit,
777 5055 813 5114 de
831 5072 890 5131 quo
910 5057 996 5116 nimi·
1038 5064 1099 5115 erat
1124 5072 1220 5129 poeua,
1234 5067 1335 5117 calena
1356 5073 1505 5131 pressura;
1524 5057 1572 5116 isti
1601 5073 1669 5117 vero
1699 5055 1812 5132 propria
1844 5055 1896 5114 do·

133 5156 202 5199 rum
221 5139 349 5199 dicitur:
370 5140 540 5211 «Quoniam
564 5143 767 5205 intumuerant
781 5161 866 5220 aqum
882 5151 994 5206 torreo·
1039 5160 1106 5203 mus
1131 5145 1241 5204 auratis
1266 5146 1397 5206 decorata
1425 5145 1559 5205 tricliniis
1580 5155 1641 5205 erat
1661 5146 1779 5204 materia
1803 5150 1895 5203 tenta

134 5229 184 5299 tis,
199 5229 250 5304 qui
278 5246 334 5292 non
359 5231 451 5305 potuit
472 5233 649 5292 transvadari
671 5237 777 5310 [Erech.
800 5237 931 5308 actui.»
954 5236 995 5296 tte
1040 5232 1135 5293 tionis.
1163 5231 1231 5291 Illos
1260 5234 1409 5308 torquebat
1439 5250 1542 5293 manus
1569 5240 1679 5294 armata
1706 5232 1894 5302 carnificum;

131 5320 233 5394 parvis
252 5327 280 5378 et
298 5320 393 5394 planis
413 5321 497 5395 aquis
513 5324 549 5381 ad
568 5307 833 5382 intransmeabilem
860 5324 995 5398 profundi
1038 5321 1127 5380 Istum
1154 5321 1273 5395 gravius
1298 5323 1437 5396 puniebat
1472 5330 1623 5397 conspecta
1650 5321 1779 5398 quotidie
1805 5322 1897 5396 pietas

134 5409 273 5467 torrentis
301 5408 514 5482 plenitudinem
539 5411 724 5487 pervenitur;
754 5413 822 5488 qula
847 5414 882 5472 de
907 5430 995 5488 parva
1038 5413 1213 5486 genitorum.
1239 5411 1273 5471 In
1295 5420 1451 5487 martyrem
1478 5414 1637 5491 quemlibet
1664 5413 1802 5472 fremebat
1826 5413 1895 5472 bor-

131 5501 385 5576 coutemplatione‚
412 5503 508 5575 fugaci
536 5504 655 5573 scillcet,
685 5504 849 5577 raptimque
873 5519 995 5578 conspe·
1040 5504 1127 5563 reuda
1152 5503 1245 5563 rabies
1266 5503 1383 5578 iudicis,
1407 5505 1487 5564 bunc
1507 5503 1623 5577 blanda,
1639 5504 1718 5564 mitis
1737 5511 1824 5579 alque
1843 5517 1895 5560 ve·

130 5596 189 5662 cta,
205 5605 264 5665 qua
281 5592 325 5650 vir
339 5589 462 5667 quilibet
476 5598 593 5650 sanctus
615 5591 646 5649 in
670 5591 723 5648 hac
740 5588 835 5648 adhuc
852 5591 995 5664 corrupti·
1040 5598 1124 5650 ousta
1144 5590 1231 5650 facies
1249 5591 1438 5666 impugnabat
1456 5592 1567 5653 uxoris.
1584 5591 1763 5668 Martyribus
1779 5590 1811 5650 iu
1828 5588 1896 5650 aula
