4100 6209
261 288 315 358 ιιι
573 285 604 345 S.
627 281 738 343 PETRI
756 277 917 340 baulani
935 277 1015 338 OPP.
1037 274 1133 340 etus
1160 274 1232 338 SEU
1250 274 1376 337 bouus
1395 275 1433 335 ΙΙ.
1454 307 1488 318 -
1508 273 1725 343 subuculis
1918 291 1955 350 nit

257 412 424 474 αηιιιιιιιιο.
451 408 529 474 Bene
552 408 581 466 in
608 423 642 467 ea
665 404 829 468 amaritudo
852 402 965 472 defecit,
982 415 1050 461 cum
1071 384 1190 464 feteo
1220 405 1366 472 nascente,
1385 399 1546 462 clamavit:
1569 399 1689 471 «Quare
1712 401 1797 474 diuisa
1818 411 1856 466 ast
1871 419 1955 486 propp

256 504 353 566 cunda
380 502 453 566 iacta
474 503 510 561 de
529 497 631 570 sterili,
648 499 764 558 dulcem
785 495 853 555 novi
871 493 1011 568 germinis
1034 490 1115 551 sobo·
1158 494 1184 546 te
1207 485 1384 547 maceriei»
1404 486 1498 548 Omne
1516 487 1622 563 quippe
1636 503 1724 562 genus
1740 491 1881 555 numanum
1894 501 1954 572 anan

258 595 316 654 lem
342 592 511 669 procreavit.
533 590 659 650 Thamar
684 587 774 662 igitur
801 603 819 645 a
847 602 906 644 noa
927 587 1115 657 cognoscente
1156 580 1276 639 distorta
1299 580 1443 639 silvarum
1473 578 1597 652 virgulta
1625 579 1756 639 adversus
1778 583 1914 645 uenientem
1932 591 1953 648 ia

259 682 382 753 fetatur,
404 679 473 756 quia
495 685 592 738 sancta
612 675 738 736 Ecclesia
755 681 900 752 quantum
918 673 954 731 ad
968 669 1115 747 gentilita-
1156 687 1243 731 carne
1257 670 1414 730 Dominum
1428 669 1582 728 maceriam
1597 668 1712 728 iecerat:
1727 677 1797 728 etue
1808 669 1840 729 ad
1851 688 1953 748 peragaa

260 779 328 843 tem,
344 772 375 830 ia
397 768 565 844 primordio,
578 767 650 826 dum
670 782 755 826 uovae
773 765 840 824 tidei
858 778 957 822 semen
979 759 1113 833 concipit,
1158 760 1230 822 dam
1249 760 1421 834 mysterium
1441 757 1645 832 redemptionis
1670 758 1857 833 ingrederetur,
1876 763 1952 822 uuani-

258 859 503 933 noaagnosaitur.
520 856 604 916 Unde
628 862 656 914 et
681 854 795 913 canitur
813 873 819 912 :
837 873 852 907 a
870 850 1007 926 Populus,
1029 862 1117 924 quem
1158 848 1243 906 miter
1267 847 1430 908 obsistebat.
1456 845 1538 904 Unde
1560 852 1588 904 et
1608 845 1737 906 Paulus:
1763 847 1854 917 «llos,
1877 850 1951 924 inqut,

258 964 317 1007 non
331 945 465 1022 cognovi,
483 944 604 1004 servivit
620 943 691 1002 milri
714 945 800 1013 (Psoi.
821 943 906 1014 xvir).
924 965 938 989 2·
954 940 989 997 Et
1003 938 1114 998 isaias:
1158 935 1350 1010 praedicamus
1375 933 1524 994 Christum
1550 933 1729 1004 crucifixum,
1755 934 1850 994 iudeis
1867 936 1952 1011 auidam

260 1033 368 1105 «Ecce,
395 1034 445 1106 ait,
473 1039 590 1107 gentem
621 1047 709 1107 quam
743 1030 892 1089 nesciebas
923 1025 1060 1095 vocabis;
1090 1030 1117 1083 et
1158 1027 1339 1097 scandalum,
1366 1027 1502 1102 gentibus
1521 1035 1619 1086 autem
1646 1025 1790 1084 stultitiam
1811 1027 1830 1098 (i
1848 1028 1950 1099 ιιιιι..

258 1129 360 1197 gentes
388 1137 455 1197 quae
478 1127 505 1182 te
533 1136 592 1182 nou
618 1125 837 1194 cognoverunt,
867 1117 902 1176 ad
936 1124 963 1174 te
996 1116 1116 1173 current
1157 1117 1212 1178 sed
1240 1116 1356 1192 gentilis
1378 1116 1504 1191 populus
1530 1116 1604 1176 balta
1635 1115 1731 1176 divisit
1755 1114 1828 1190 quasi
1849 1117 1952 1176 uasema

259 1212 335 1284 (isai.
350 1212 408 1282 av).
425 1231 439 1263 a
1157 1206 1324 1276 maceriam,
1346 1221 1413 1265 eum
1437 1222 1489 1280 par
1513 1203 1681 1265 Cornelium
1698 1204 1879 1274 centurionem,
1893 1205 1953 1263 alia·

294 1299 384 1358 Porffl
405 1302 513 1367 tillem,
531 1296 611 1371 quod
627 1295 671 1356 illl
687 1293 790 1354 haedfli
807 1308 857 1368 per
875 1292 1011 1354 eumdem
1029 1289 1115 1350 0d01·
1157 1313 1215 1371 aue
1244 1296 1388 1373 primitias
1413 1295 1491 1366 iidei,
1516 1294 1652 1371 baptismi
1670 1293 1820 1367 suscipiens
1837 1293 1952 1363 lavaernn

258 1388 389 1448 amium
407 1387 544 1456 mittitur·
559 1385 639 1460 quid,
657 1382 714 1442 nisi
729 1400 781 1457 per
798 1382 942 1444 J⁰illss0m
960 1382 1032 1440 ficti
1049 1393 1115 1453 pec·
1159 1385 1215 1446 sub
1233 1381 1340 1445 Christi
1356 1383 1474 1448 titulum
1494 1381 1658 1460 cpuvolevit
1676 1383 1746 1452 (bat.
1764 1386 1803 1453 ιι).
1816 1381 1953 1442 Hancalter·

260 1484 390 1542 catorum
412 1475 594 1548 exprobratio
624 1471 818 1547 designatur?
834 1471 921 1542 Quasi
948 1471 1025 1529 euim
1054 1469 1117 1526 hae·
1159 1474 1279 1533 nitatem
1298 1474 1435 1532 nascendi
1450 1472 1651 1533 considerabat
1668 1472 1701 1532 B.
1718 1472 1838 1542 ioannes,
1856 1470 1953 1532 muiu-

259 1567 332 1627 duur
352 1564 498 1628 meretrici
517 1564 637 1638 portitor
652 1562 798 1632 afferebat,
816 1577 884 1621 cum
903 1558 1069 1636 properanti
1081 1556 1118 1616 ed
1158 1562 1289 1622 deorum
1310 1563 1404 1626 turbis
1422 1562 1554 1638 undique
1566 1559 1775 1621 continentibus
1788 1559 1893 1622 diasat:
1906 1558 1954 1618 tlte

259 1653 396 1730 baptimi
421 1653 579 1722 salcetum,
600 1651 692 1711 illibffl
717 1666 768 1725 lier
793 1649 1020 1724 issssleliiifflttffl
1045 1644 1119 1704 dit&
1160 1649 1303 1724 coeperitis
1327 1650 1433 1722 dicere,
1454 1650 1568 1709 Patrem
1596 1647 1734 1708 babemus
1758 1646 1888 1706 Abrabam.
1909 1644 1954 1704 ilia

260 1742 310 1804 bai
326 1762 334 1802 2
352 1763 364 1793 t
382 1740 539 1810 Geniutinfl
563 1741 739 1816 litterarum,
755 1740 821 1815 quis
836 1736 962 1798 ostendit
974 1734 1056 1795 vobis
1071 1735 1240 1828 ingenim
1263 1740 1359 1822 vobis,
1379 1740 1449 1815 quia
1463 1744 1566 1814 potens
1584 1746 1628 1797 est
1645 1737 1721 1796 ilaue
1737 1736 1770 1794 de
1787 1735 1902 1810 lapidibus
1913 1733 1954 1793 istit

259 1848 328 1908 gere
341 1832 379 1892 ab
390 1833 433 1892 ira
445 1838 568 1894 ventura
581 1829 621 1889 in
638 1832 747 1904 (blatta.
762 1831 815 1898 ιιι.)
830 1825 1005 1902 Requirebat
1018 1831 1117 1884 autem
1159 1828 1297 1888 suscitare
1314 1828 1392 1886 tilios
1409 1826 1535 1885 Abrabae
1553 1827 1663 1894 (natta.
1681 1825 1730 1896 ιιι).
1750 1844 1764 1877 a
1781 1824 1818 1882 Ac
1833 1821 1851 1880 si
1864 1827 1953 1896 pennu

260 1921 347 1984 Ηὶιιθ
370 1919 587 1984 Odollafflilesa
602 1918 729 1980 Thamar
748 1915 904 1986 tunulum.
920 1912 1077 1984 armillam·
1089 1919 1117 1971 0²
1158 1921 1254 1980 dicat:
1271 1917 1399 1979 Gentiles
1415 1916 1523 1992 populi,
1539 1915 1592 1991 qai
1606 1913 1716 1989 lapides
1733 1918 1805 1983 suat,
1816 1908 1954 1988 qnialapida

260 2010 410 2076 baculum.
428 2010 482 2076 Per
495 2010 639 2074 annulum
655 2008 840 2083 signaculum
857 2006 935 2077 iidei,
953 2022 1003 2080 per
1016 2004 1118 2063 armil-
1158 2008 1267 2080 colunt,
1288 2005 1475 2082 primogeniti
1493 2004 1576 2063 vobis
1592 2004 1667 2064 liant
1689 2002 1724 2061 ad
1744 1999 1954 2075 regeneratiouiaat

260 2099 320 2159 lam
336 2099 417 2158 labor
433 2099 538 2172 operis,
555 2114 606 2173 par
630 2098 768 2158 baculum
792 2112 860 2156 vero
883 2095 1052 2170 designatur
1072 2108 1117 2151 re-
1160 2115 1245 2160 uovae
1267 2097 1367 2174 gratiae
1393 2101 1622 2166 sacramentum,
1637 2109 1758 2169 quorum
1776 2086 1954 2164 vespertinale

261 2192 345 2268 quies
369 2191 440 2265 spei.
462 2191 549 2262 Quasi
571 2192 650 2254 enim
680 2190 749 2256 tidei
775 2188 922 2256 annulum
944 2186 1119 2261 requirebat,
1161 2188 1349 2248 ceremonias
1367 2185 1544 2246 videbamini
1559 2183 1694 2244 renuisse
1704 2181 1852 2259 paulatum.

261 2296 330 2344 ⁰111ss
345 2280 452 2344 diceret
468 2304 475 2340 =
492 2304 506 2332 ι
519 2281 575 2351 Qttl'
596 2280 688 2342 credit
708 2279 739 2338 ιιι
760 2279 868 2338 Filium
887 2277 950 2348 Dei,
970 2277 1056 2338 babet
1074 2276 1119 2342 vi·
1197 2284 1268 2344 Haec
1295 2283 1387 2354 vobis,
1414 2282 1515 2342 iratres
1543 2279 1720 2350 charissimi,
1743 2292 1797 2344 nou
1824 2270 1953 2349 expuendo,

261 2385 320 2438 tam
335 2384 491 2449 eternam3
511 2375 563 2451 qui
581 2382 679 2436 autem
697 2372 867 2435 incredulus
884 2378 929 2431 est
944 2371 1057 2431 librato
1071 2370 1119 2428 Fi·
1163 2373 1213 2433 sed
1226 2377 1374 2447 utcunque
1396 2370 1552 2446 tangendo,
1571 2371 1718 2430 sucdncte
1737 2363 1954 2428 tmnscurrinuaut

261 2469 313 2541 lio,
326 2484 386 2530 non
400 2468 511 2526 videbit
524 2468 624 2537 vitam,
638 2466 689 2525 sed
704 2464 746 2523 ira
765 2464 817 2523 Dei
837 2469 936 2522 manet
951 2476 1039 2540 super
1053 2474 1122 2520 eum
1162 2465 1192 2528 B.
1221 2465 1363 2525 ioannem
1388 2464 1555 2526 ministram
1579 2477 1668 2523 novae
1692 2458 1795 2535 gratie,
1809 2463 1832 2516 et
1850 2467 1954 2530 aaran·

260 2559 349 2631 (Jaan.
365 2558 414 2630 ιιι).
432 2577 446 2612 a
461 2556 508 2615 Au
534 2571 593 2615 aaa
618 2552 764 2613 etiamad
785 2552 929 2612 mutuum
951 2549 1120 2624 pertinebat.
1161 2553 1255 2629 pbum
1281 2551 1483 2627 spiritualium
1508 2549 1690 2625 nuptiarum,
1715 2562 1751 2606 es
1775 2543 1880 2616 mbauie
1897 2541 1955 2598 aian

261 2663 331 2707 cum
355 2646 487 2707 dicmetz
511 2666 526 2700 a
549 2645 606 2715 Qui
627 2645 713 2704 babet
735 2657 882 2717 sponmm,
906 2655 1031 2715 sponsus
1053 2639 1121 2699 esti
1162 2658 1252 2704 norae
1273 2641 1432 2717 Scriptura
1449 2638 1562 2716 paginis
1578 2638 1810 2698 demonstramus.
1827 2626 1955 2694 Hanania

263 2739 383 2812 (ibid-i·
405 2734 560 2796 Armitlum
579 2749 647 2793 vero
668 2733 773 2792 laboris
792 2732 957 2801 exhibebat,
977 2746 1044 2790 cum
1074 2729 1120 2788 di·
1161 2731 1309 2806 insignem
1336 2737 1423 2805 atque
1455 2728 1606 2804 egregium
1640 2727 1723 2788 totius
1752 2720 1859 2784 humani
1881 2713 1957 2792 pauit

264 2833 365 2887 cenet:
391 2848 402 2878 ι
433 2825 638 2885 Paenitentiam
663 2824 739 2898 agite
766 2825 876 2891 (blatta.
898 2826 949 2892 ur).
979 2846 992 2870 »
1020 2819 1122 2880 baculi
1163 2821 1273 2893 virum,
1294 2820 1332 2880 ad
1347 2819 1530 2888 currendam,
1550 2823 1583 2878 ut
1600 2818 1695 2892 gigas,
1715 2810 1872 2872 moralitatis
1886 2811 1956 2865 uate

264 2931 380 2992 auoque
391 2914 533 2990 renuam,
549 2929 618 2974 aum
632 2919 737 2989 presta
751 2912 960 2987 subjungeret:
980 2932 990 2964 ι
1010 2911 1122 2986 Appra·
1163 2913 1253 2983 viam,
1273 2912 1358 2988 quasi
1380 2911 1577 2972 conviatorem
1597 2910 1657 2970 sibi
1681 2906 1803 2968 Salvator
1822 2899 1957 2966 natanti

262 3007 414 3084 pinquurit
425 3003 507 3065 euim
518 3020 644 3079 regnum
664 3003 801 3064 coelorum
821 3004 921 3076 (ibid).
935 3028 948 3054 ι·
963 3003 1005 3063 Ao
1019 3000 1122 3075 siper·
1163 3003 1200 3070 ad
1214 3000 1409 3075 peragendum
1428 2998 1640 3074 redemptionis
1654 3003 1756 3056 nosue
1773 2989 1957 3080 negotiumue

261 3097 361 3174 spicue
384 3097 571 3170 loqueretar:
589 3093 684 3153 Nolite
707 3094 763 3153 sub
790 3092 928 3166 injuncta
952 3090 1035 3152 vobis
1060 3106 1122 3165 pce·
1164 3089 1317 3150 dammodo
1334 3095 1368 3152 at
1385 3089 1526 3164 particeps
1552 3094 1630 3147 esset
1654 3091 1681 3145 et
1704 3083 1877 3148 collaborator,
1894 3073 1957 3172 dtul-

264 3187 396 3247 niteuboe
415 3185 513 3244 labore
538 3184 702 3254 lassescere,
720 3184 770 3243 sed
797 3182 894 3257 potius
913 3183 997 3242 iirma
1020 3198 1070 3256 spe
1087 3183 1123 3243 de
1165 3179 1248 3240 Unde
1264 3194 1333 3238 cum
1353 3177 1390 3236 ad
1412 3193 1480 3237 eum
1496 3175 1689 3251 baptizandas
1705 3172 1849 3240 accederd3
1867 3162 1957 3260 ambul

266 3275 347 3349 regui
361 3272 486 3334 coeiestis
498 3272 782 3348 appropinquatione
795 3272 927 3331 animum
943 3271 1084 3338 roborate.
1162 3274 1260 3334 autem
1274 3274 1303 3328 et
1323 3266 1444 3336 bumilis
1458 3282 1563 3327 servus
1574 3265 1742 3339 injunctum
1753 3260 1805 3321 sibi
1818 3255 1958 3317 niuisteuttt

300 3361 443 3433 Quaesivit
460 3367 639 3420 autemeam
657 3361 747 3424 iudas
764 3360 796 3420 iu
816 3360 906 3432 bivio,
922 3360 972 3422 sed
986 3359 1121 3420 invenire
1162 3358 1291 3433 trepidus
1316 3363 1479 3428 exmrmret,
1505 3356 1605 3414 dicens
1623 3375 1630 3414 :
1654 3381 1668 3406 ιι
1684 3354 1743 3428 ligo
1765 3367 1781 3410 a
1801 3355 1825 3408 te
1842 3344 1910 3404 leba
1924 3339 1957 3395 ba·

266 3466 325 3511 uon
339 3449 447 3525 potuit;
463 3448 534 3522 auia
554 3464 622 3523 auae
642 3449 673 3508 in
693 3448 820 3524 publico,
839 3449 925 3522 juata
940 3448 1118 3524 propnetam,
1161 3446 1272 3522 paneri,
1289 3451 1317 3506 et
1331 3454 1361 3506 tu
1374 3446 1457 3508 venis
1469 3444 1507 3506 ad
1523 3445 1592 3506 mei
1606 3446 1726 3516 (itiapt
1742 3425 1959 3515 napatttzriut

264 3544 292 3602 et
306 3538 362 3600 sub
374 3537 456 3598 amni
465 3537 545 3611 ligno
554 3538 690 3598 mendosa
699 3539 796 3598 tuerat
807 3538 961 3613 prostituta
974 3540 1040 3608 (ier.
1050 3538 1121 3608 nu),
1164 3535 1259 3595 modo.
1271 3534 1321 3594 Sic
1331 3535 1410 3595 euim
1424 3536 1504 3596 decet
1515 3550 1568 3595 nos
1580 3533 1704 3611 implere
1714 3544 1821 3592 amnem
1828 3520 1957 3600 intuma

261 3627 324 3702 iam
337 3624 710 3699 antonomatisce
724 3625 830 3686 tibristi
842 3623 1123 3688 videlicetcanstria-
1164 3623 1187 3685 Ο
1209 3624 1475 3697 Βοιιιιιιι,ιιιιιιιι;
1494 3623 1585 3684 «Fiat
1600 3622 1667 3696 lux,
1683 3629 1711 3683 et
1724 3623 1792 3682 iacta
1803 3623 1840 3677 est
1856 3606 1958 3705 {idid

267 3723 350 3776 xerat
368 3715 543 3788 disciplina:
564 3730 619 3776 uec
637 3731 701 3778 eam
720 3715 828 3789 peccati
846 3713 951 3789 reperit
965 3713 1122 3788 exprobres
1164 3713 1248 3773 Fiant
1269 3712 1453 3785 antiscanii,
1469 3713 1569 3773 bestiae
1587 3713 1662 3786 agri,
1677 3710 1803 3772 volucres
1817 3701 1885 3770 aeris,
1899 3703 1959 3770 picci

264 3805 315 3874 tio,
328 3820 416 3879 auem
429 3804 622 3866 aaalesaioais
632 3812 797 3867 mutaverat
805 3804 978 3866 amaritudo.
994 3802 1122 3863 Viduita·
1165 3819 1321 3878 aquarum.
1343 3803 1448 3865 Omnia
1466 3804 1530 3862 lraec
1548 3803 1665 3862 condita
1689 3805 1756 3861 sunt
1777 3795 1809 3855 ad
1829 3789 1959 3884 solunltae

265 3895 339 3954 tissa
353 3895 482 3956 vestibus
493 3888 798 3969 induit3auiapraeter
809 3894 952 3955 coetestem
965 3892 1122 3968 Sponsum,
1161 3893 1303 3969 jussionis
1327 3893 1495 3967 imperium,
1515 3891 1614 3952 omnia
1633 3892 1818 3965 disponuntur
1832 3883 1861 3943 ad
1877 3883 1959 3937 ιιιιιιι

266 3982 319 4058 aui
331 3998 431 4057 praee
451 3988 585 4044 mortuus
603 3989 655 4054 est,
671 3982 795 4044 alterum
813 3999 870 4046 noa
886 3981 1022 4042 admittit.
1041 3980 1124 4052 Quod
1165 3986 1222 4046 tuae
1247 3981 1406 4044 voluntatis
1428 3987 1616 4052 autumnae
1642 3981 1678 4040 ad
1703 3980 1765 4038 trec
1782 3964 1912 4061 pungenda
1929 3956 1959 4017 ιι·

264 4077 364 4134 autea
378 4071 490 4147 gemini
503 4079 703 4146 apparuerunt
719 4073 748 4132 iu
765 4078 858 4142 atero,
871 4072 930 4134 duo
943 4077 1012 4134 sunt
1025 4068 1125 4144 populi
1165 4067 1288 4130 bibnisti
1307 4067 1358 4130 tibi
1376 4067 1532 4144 cuiuslibet
1544 4068 1686 4143 angelicae
1699 4063 1832 4144 potestads
1842 4053 1959 4149 ιιιιιιιῑ

265 4160 298 4224 ia
322 4159 460 4224 Ecclesia
482 4161 594 4234 gremio
613 4177 664 4235 per
682 4162 774 4220 sancti
791 4159 916 4234 Spiritus
933 4160 1055 4233 gratum
1074 4174 1124 4234 ge·
1166 4156 1311 4231 quamodo
1339 4172 1407 4232 ergo
1427 4172 1507 4217 nunc
1530 4157 1614 4229 dicis,
1639 4157 1676 4217 ad
1703 4163 1817 4216 ιιιιιιιιι
1837 4142 1961 4206 nntium

266 4248 370 4310 netad.
386 4247 421 4308 iu
433 4248 497 4322 ipsa
514 4264 585 4308 vero
599 4248 742 4310 edudone
760 4249 953 4318 nascentium,
968 4263 1047 4310 unus
1064 4264 1125 4318 ma·
1164 4246 1315 4306 bominem
1331 4246 1414 4321 quasi
1428 4261 1582 4321 manuam
1601 4252 1640 4320 te,
1661 4251 1690 4306 et
1707 4246 1897 4315 contemperant
1910 4223 1961 4286 nir·

266 4352 340 4398 num
358 4337 487 4412 protulit,
509 4343 537 4397 et
559 4337 648 4410 ligato
675 4338 802 4408 amcino,
822 4352 891 4398 mox
907 4339 1028 4400 retranit
1043 4357 1051 4409 ;
1069 4339 1124 4400 sia·
1166 4334 1259 4394 mitati
1289 4342 1415 4394 nostrae:
1434 4335 1497 4394 sine
1522 4335 1629 4405 mod03
1655 4337 1697 4394 sic
1717 4334 1793 4392 decet
1815 4341 1859 4386 uos
1879 4313 1961 4390 ἰῑιιΙθΓΒ

265 4440 324 4501 que
351 4431 419 4490 ante
443 4442 473 4488 sc
493 4426 631 4488 nascendi
649 4428 732 4487 alteri
750 4427 860 4487 editum
888 4428 1029 4502 puteiecit.
1052 4427 1124 4498 Quia
1166 4437 1284 4482 omnem
1300 4422 1469 4497 justitiam?
1484 4423 1557 4483 Ecce
1575 4423 1656 4483 enim
1675 4436 1762 4498 quem
1780 4425 1809 4478 tu
1824 4413 1855 4474 ad
1869 4413 1961 4477 cotim·

267 4513 410 4578 nimirum
434 4513 574 4576 iudaicus
599 4516 733 4591 manius,
749 4516 801 4590 aul
824 4515 859 4575 ad
883 4515 979 4576 lucem
999 4487 1253 4590 SpnttnsDtionts
1271 4518 1329 4576 tuae
1339 4511 1524 4586 participium
1542 4512 1689 4588 provehis,
1705 4523 1790 4585 quem
1805 4484 1963 4581 pammatii

267 4603 347 4663 nasci
366 4603 503 4678 primitus
523 4606 619 4680 acepit,
645 4606 769 4666 ostendit
792 4622 878 4683 opera
898 4622 951 4668 aua
970 4606 1123 4682 propbeta·
1164 4600 1200 4660 ad
1215 4607 1275 4660 tuae
1287 4601 1488 4662 similitudinis
1499 4603 1616 4663 culmen
1631 4602 1748 4672 attollis,
1758 4599 1835 4666 dicat,
1848 4603 1900 4666 aaa
1912 4581 1963 4640 dett

266 4706 332 4752 rum
349 4692 592 4766 precedentium,
607 4700 635 4758 et
649 4696 741 4770 ipsium
754 4696 870 4758 Domini
883 4711 985 4756 cruore
1003 4694 1123 4770 pollata.
1167 4690 1342 4765 comparatio
1362 4691 1426 4750 lieri
1452 4692 1540 4766 possit
1557 4692 1593 4752 ad
1613 4709 1654 4752 se.
1670 4692 1721 4750 Ait
1738 4690 1827 4763 itunae
1840 4702 1847 4741 ε
1860 4699 1872 4734 ι
1885 4661 1964 4766 aad

267 4780 351 4841 Unde
376 4786 405 4839 et
425 4781 496 4844 Zara
516 4788 606 4847 oriem
631 4784 856 4858 interpretatum
877 4785 947 4860 quia
965 4783 1126 4844 Hebraicus
1167 4795 1334 4840 mensuram
1350 4781 1399 4842 dat
1416 4780 1494 4840 Deus
1509 4781 1651 4856 Spiritum
1672 4784 1758 4853 (toan.
1777 4779 1823 4850 ml.
1838 4798 1849 4822 ·
1864 4758 1965 4854 Paul}-

266 4866 319 4927 ille
333 4868 458 4943 populm
476 4870 556 4945 prior
573 4878 654 4932 ortus
667 4872 756 4932 estad
771 4872 896 4932 litteram
911 4872 993 4946 legia,
1009 4871 1060 4931 sed
1074 4885 1126 4945 pu·
1166 4868 1231 4941 ligit
1244 4869 1364 4940 Filium,
1385 4877 1412 4930 et
1431 4872 1530 4929 omnia
1543 4870 1623 4929 dedit
1641 4872 1673 4931 in
1692 4884 1777 4930 maan
1788 4865 1858 4939 eiust
1871 4854 1965 4923 adanu

266 4957 371 5020 sterbr
403 4959 498 5019 matus
524 4968 568 5020 est
595 4961 630 5024 ad
662 4960 876 5035 suscipiendam
904 4958 975 5026 132
1003 4959 1124 5035 gratiam
1168 4957 1195 5022 te
1207 4958 1339 5032 perbibet
1358 4959 1469 5022 nubam
1485 4958 1611 5035 Spiritus
1624 4961 1730 5019 babere
1745 4940 1965 5036 mensarumtltse

265 5045 429 5121 Evangelii.
453 5047 517 5108 Hac
540 5048 637 5124 itaque
665 5050 751 5108 modo
775 5048 895 5108 retranit
920 5062 1051 5117 manum.
1074 5048 1126 5123 qai
1166 5045 1237 5121 qaid
1263 5047 1377 5114 sentiat,
1402 5048 1505 5109 dicat:
1534 5049 1630 5122 «Nos,
1660 5049 1767 5122 inquit.
1784 5044 1817 5104 de
1832 5026 1965 5113 plantabat

266 5138 419 5212 unseljam
435 5138 635 5212 perspiritum
649 5145 773 5214 caeperat
790 5137 914 5213 popalus
932 5138 1124 5209 tadaeoram3
1166 5136 1229 5207 eius
1241 5137 1612 5213 omneaaccepimuatioan.
1624 5137 1676 5211 ιι.»
1691 5137 1734 5195 Aa
1745 5122 1965 5194 annuntianti

267 5230 296 5284 ⁰¹
316 5239 386 5285 ¹⁰⁰¹
404 5226 547 5301 immitit,
565 5243 598 5288 ac
613 5227 706 5290 factus
721 5233 764 5287 est
777 5226 989 5301 nmmugeuitus
1002 5226 1127 5302 populus
1164 5225 1718 5304 eumualtleloas.illeinuobisprosui
1728 5212 1965 5300 tnaderamiuittitlr

266 5312 410 5387 gentiana.
440 5312 555 5378 Scilicet
585 5320 636 5388 at,
660 5315 743 5389 juxta
767 5315 940 5380 senentiam
968 5314 1124 5386 Veritatis,
1166 5332 1236 5378 sura
1249 5317 1404 5392 dispensat,
1420 5319 1574 5382 uudesaae
1587 5315 1787 5380 immensitatis
1800 5294 1966 5378 jnoempanbl·

267 5400 363 5464 tutan
377 5408 477 5466 esseut
498 5402 656 5466 ιιοιιιιιιιιί
678 5403 730 5479 qai
756 5411 838 5468 erant
861 5405 947 5477 primi
959 5422 968 5475 ;
988 5410 1017 5463 et
1037 5403 1125 5479 primi
1164 5404 1231 5466 liter
1243 5404 1395 5478 plenitudo
1408 5384 1965 5480 redundatouaaauteminterteetillcffl

267 5487 373 5553 fierent
395 5491 447 5565 aui
468 5500 552 5554 emet
575 5491 850 5561 aavaunitrtaoa.
867 5495 932 5563 xx).
946 5490 1024 5552 Bene
1037 5492 1125 5566 igitur
1164 5493 1203 5556 sit
1221 5494 1406 5570 comparato,
1427 5511 1530 5558 rursus
1551 5496 1702 5558 munitate
1725 5473 1965 5575 degeneranti

268 5575 678 5648 timenutensium
691 5579 956 5660 ammitteret
971 5580 1123 5655 ouante,
1166 5579 1238 5652 titii
1262 5603 1278 5646 a
1299 5583 1357 5654 cni
1370 5584 1409 5652 aa
1428 5592 1504 5652 rena
1524 5586 1630 5659 enea
1652 5578 1875 5656 tantudem
1890 5556 1967 5641 nuc
