4100 6209
143 292 196 356 917
882 301 1007 363 SERth
1026 300 1157 364 cxxiii.
1840 289 1896 352 918

143 422 298 499 Apostolus
314 422 412 482 dicat:
429 445 440 475 ι
457 420 512 494 Qui
530 423 623 499 legem
644 426 781 500 praeterit,
796 427 890 487 Βθιιω
908 428 1192 504 inho-Apendeuda
1216 431 1301 491 nohis
1322 434 1457 494 videntur
1476 439 1504 494 et
1526 430 1610 497 levia,
1625 427 1675 487 sed
1693 437 1762 483 cam
1779 420 1816 480 ad
1828 431 1896 478 cra·

141 517 226 570 norat
256 513 342 584 thom.
370 514 411 581 tt).
435 532 450 565 a
477 513 565 572 Porro
594 514 693 573 oticsis
719 516 818 575 verbis
842 524 998 587 assumus,
1042 517 1154 578 tionum
1182 527 1288 581 acerem
1319 524 1515 592 recurrimus,
1542 519 1660 581 reducta
1695 510 1828 590 protinus
1859 504 1898 565 ad

142 598 254 673 duplici
269 599 371 673 procul
386 599 477 659 dubio
490 600 584 676 culpae
598 602 715 662 videtur
732 603 887 676 obnoxius,
901 606 952 679 qui
971 610 1000 664 et
1040 607 1223 679 memoriam,
1237 608 1310 669 dura
1324 626 1444 685 prorsus
1463 618 1493 671 ct
1507 595 1699 669 intolerabilia
1715 599 1892 677 judicamus.

142 687 259 748 divinas
279 688 389 759 laudes,
416 690 452 748 ad
483 706 556 765 quas
581 690 709 751 humana
733 693 859 753 conditio
883 696 999 755 assidue
1075 696 1263 772 Quapropter,
1289 698 1468 760 ditectissimi
1498 699 1599 758 tratres
1624 695 1701 762 mci,
1728 690 1896 750 studeamus

143 786 324 853 provocatur,
340 778 448 851 abjicit,
469 785 497 838 ct
518 781 674 854 superflua
693 781 876 855 loquacitati,
899 799 917 843 a
940 800 999 858 qua
1040 786 1231 860 nosmetipsos
1261 786 1338 847 iutra
1363 788 1473 848 silentii
1507 788 1632 846 claustra
1669 780 1836 854 reprimere.
1866 781 1896 834 et

142 867 322 941 prohibetur,
355 867 473 935 insistit,
501 868 576 928 sicut
600 870 635 927 de
659 869 832 945 quibusdam
859 871 1000 931 Jtrremias
1041 873 1156 951 linguas
1179 883 1325 936 nostrasa
1348 877 1431 936 vanis
1453 882 1481 936 et
1499 874 1654 935 inutilibus
1674 869 1801 945 eloquiis
1812 865 1894 927 cohi·

144 954 216 1014 dicit
236 973 243 1012 :
268 981 282 1005 «
296 956 358 1015 buo
378 956 454 1014 maia
470 953 538 1014 lecit
560 956 683 1031 populus
709 974 811 1017 meus:
830 975 877 1018 me
897 960 1000 1021 dereti-
1040 962 1117 1023 hcre.
1136 964 1242 1024 Anima
1255 981 1381 1041 namque
1395 973 1491 1025 nestra
1510 963 1630 1038 superni
1648 959 1725 1033 rogis
1743 964 1785 1016 est
1805 971 1894 1031 spon·

146 1049 274 1116 onerant
292 1045 401 1103 tentem
414 1059 499 1119 aqum
517 1045 603 1113 vivae,
621 1052 650 1105 et
670 1046 805 1107 foderunt
819 1049 873 1107 sihi
897 1049 1000 1108 cister·
1040 1068 1081 1125 sa,
1103 1069 1171 1130 oure
1197 1063 1310 1129 accepto
1329 1057 1448 1131 pignore
1470 1055 1562 1116 sancti
1586 1053 1721 1128 spiritus,
1744 1044 1895 1122 signaculo

146 1149 200 1192 nas
220 1135 382 1210 dissipatas,
398 1151 463 1209 oum
478 1136 625 1195 continere
639 1151 697 1194 non
717 1136 814 1196 valent
829 1153 920 1213 aquas
934 1138 997 1211 (ter.
1040 1144 1107 1204 fidei
1122 1151 1165 1205 est
1189 1146 1294 1206 dotata.
1321 1147 1433 1207 Maneat
1461 1161 1529 1221 erge
1554 1145 1585 1203 in
1611 1142 1674 1203 suis
1698 1135 1896 1215 penetralibus

145 1228 236 1295 nni·
266 1226 338 1296 oue
366 1226 507 1286 nimirum
537 1229 686 1302 prophetae
712 1229 820 1295 verba,
843 1230 929 1287 etiam
963 1229 998 1287 de
1039 1233 1132 1305 virgo.
1148 1249 1206 1292 non
1222 1234 1386 1294 indecenter
1405 1235 1436 1294 in
1455 1233 1609 1309 publicum
1627 1228 1753 1304 prodeat,
1770 1238 1829 1283 non
1845 1237 1897 1297 per

143 1313 235 1371 cticsa
255 1313 443 1388 loquentibus
468 1321 591 1389 possunt
609 1331 666 1375 oon
693 1316 930 1377 inconvenienter
951 1318 998 1376 in·
1040 1321 1099 1379 oris
1122 1320 1211 1380 limen
1235 1337 1359 1396 egressa,
1378 1324 1409 1381 in
1428 1336 1607 1395 supervacua
1631 1334 1661 1378 se
1688 1314 1897 1382 verbenacam-

142 1402 246 1477 telligi,
268 1404 317 1481 qui
335 1404 476 1464 nimirum
490 1404 628 1466 derelicto
647 1407 725 1466 tonte
742 1422 827 1481 aqum
842 1405 929 1475 dvm,
946 1406 999 1463 hoe
1039 1407 1149 1467 colaria
1168 1408 1293 1468 inaniter
1310 1409 1422 1481 tundat,
1445 1426 1481 1469 ne
1510 1408 1535 1468 si
1553 1407 1669 1468 deviare
1688 1419 1751 1463 cam
1771 1402 1897 1476 spdnsus

144 1500 197 1566 est,
212 1495 471 1571 postpositoverbc
486 1496 565 1567 vitai,
580 1510 631 1555 ora
654 1512 707 1556 sua
722 1495 859 1555 sistemas
878 1495 998 1565 iaciunt,
1040 1513 1057 1556 a
1087 1499 1212 1558 modesta
1239 1499 1389 1573 pudicitiae
1428 1516 1492 1559 som
1524 1498 1663 1575 gravitate
1701 1489 1894 1568 conspexerit,

143 1598 181 1641 ex
209 1583 318 1658 quibus
347 1598 407 1642 non
433 1584 524 1654 novi,
551 1583 600 1643 sed
627 1584 732 1643 veteris
757 1583 884 1643 hominis
911 1582 999 1641 verba
1041 1585 1217 1660 quandoque
1249 1589 1414 1662 objurgans,
1434 1587 1510 1647 dicat
1537 1606 1544 1645 ε
1572 1610 1585 1637 ι
1611 1585 1643 1646 Si
1664 1575 1831 1658 ignoraslc,
1847 1578 1895 1638 in·

142 1671 305 1746 proterunt,
325 1670 572 1746 quemadmodum
596 1686 653 1730 non
679 1678 822 1731 recentem
849 1670 885 1730 de
909 1670 998 1744 ioutc,
1040 1676 1191 1749 quiens,c
1216 1676 1337 1751 pulchra
1362 1678 1438 1737 inter
1462 1676 1609 1747 mulieres,
1632 1672 1778 1749 egredere,
1802 1674 1830 1728 et
1847 1667 1896 1726 abi

143 1760 195 1820 sed
223 1760 398 1821 sentinosam
429 1761 525 1836 potius
561 1774 668 1836 aquam
694 1759 730 1820 de
756 1759 879 1820 cisterna
904 1761 1105 1846 prole-Bpost
1123 1765 1243 1840 vestigia
1260 1782 1383 1842 gregum
1404 1767 1547 1839 iccata).
1567 1788 1579 1819 ι
1600 1763 1635 1823 le
1655 1760 1789 1822 cubiculo
1808 1756 1898 1832 igitur

142 1855 228 1921 raut;
250 1848 364 1925 etquis
382 1848 459 1909 labia
483 1864 537 1908 sua
562 1849 709 1909 moderata
734 1849 870 1909 nesciunt
891 1849 1000 1909 discre-
1043 1869 1096 1914 suc
1118 1855 1256 1929 virginali
1283 1872 1363 1915 more
1391 1855 1524 1928 resideat,
1544 1854 1603 1915 cris
1626 1852 1734 1913 ostium
1764 1849 1897 1908 clausum

143 1933 224 1993 tione
238 1936 404 2008 reprimere,
418 1935 553 1995 cisterna
566 1935 712 2011 dissipatae
725 1952 831 2011 aquam
851 1945 1001 2014 nequeunt
1044 1948 1156 2013 teneat,
1182 1948 1210 2002 et
1237 1959 1399 2020 uunquam,
1430 1943 1488 2003 nisi
1516 1941 1641 2018 qumod
1670 1935 1898 2014 exspectandum

141 2022 302 2082 continere.
1042 2030 1187 2104 pertinent
1209 2035 1306 2105 sponsi
1336 2031 1460 2092 coelestis
1484 2031 1655 2101 adventum,
1672 2029 1801 2088 locutura
1830 2039 1900 2099 pro·

184 2109 258 2168 392
284 2115 448 2177 Notandum
474 2134 544 2178 sane
570 2119 639 2194 quia
668 2119 742 2179 sicut
768 2120 831 2180 avis
861 2120 1001 2179 advolans
1043 2116 1212 2188 ccdat;suh
1234 2118 1337 2178 umbra
1363 2135 1394 2178 sc
1418 2118 1526 2178 silentii
1557 2117 1704 2191 reprimat,
1720 2130 1758 2174 ne
1782 2113 1899 2172 decolor

143 2203 264 2276 exponit
285 2222 315 2265 se
336 2222 417 2267 ramo
441 2208 595 2284 cujuslibet
619 2208 740 2280 arboris,
764 2210 805 2269 sic
828 2210 1001 2285 plerumque
1043 2206 1195 2279 videatur;
1210 2207 1247 2266 ab
1263 2209 1343 2268 omni
1358 2214 1476 2267 semstu
1490 2207 1599 2282 negotii
1615 2204 1763 2265 secularis
1776 2201 1899 2261 abscon·

143 2292 292 2366 malignus
311 2295 430 2369 spiritus
445 2296 565 2356 veniens
583 2298 690 2358 insidet
708 2298 818 2371 linguae
838 2299 999 2359 inconside·
1043 2295 1100 2367 dat,
1118 2304 1150 2356 ut
1177 2312 1235 2357 non
1263 2297 1410 2356 immerito
1436 2296 1525 2372 possit
1552 2295 1640 2355 alacri
1662 2308 1732 2353 voce
1753 2296 1897 2351 cantare:

144 2390 205 2442 rate
227 2381 389 2457 loquentis,
403 2394 432 2444 ct
456 2385 653 2445 inordinatum
668 2387 738 2463 quid
754 2388 784 2446 in
799 2388 924 2448 decursu
939 2404 1000 2447 ser·
1045 2412 1075 2437 «ι
1086 2385 1146 2447 Sub
1165 2388 1267 2447 umbra
1284 2384 1358 2444 893
1383 2386 1463 2447 illius
1487 2403 1575 2463 ouem
1597 2384 1810 2456 desiderabam,
1826 2381 1898 2452 sedi,

144 2475 240 2533 monis
252 2491 303 2550 per
321 2476 536 2551 subreptionem
561 2478 663 2538 suadet
682 2478 812 2548 chluere;
833 2479 1000 2554 undepost·
1042 2481 1071 2533 et
1094 2476 1205 2534 tructus
1228 2474 1291 2547 cius
1312 2472 1407 2534 dulcis
1433 2475 1544 2548 gutturi
1565 2489 1630 2534 meo
1647 2490 1654 2529 :
1669 2472 1834 2533 introduxit
1852 2486 1899 2531 me

144 2563 265 2622 modum
290 2565 411 2624 verricus
433 2566 516 2639 euasi
536 2574 669 2639 congesta
687 2567 846 2627 dimicandi
868 2570 1000 2639 matoria,
1044 2582 1096 2625 rex
1126 2566 1157 2625 in
1180 2566 1282 2625 cellam
1309 2565 1461 2639 vinariam,
1476 2565 1624 2625 ordinavit
1645 2565 1677 2624 in
1704 2578 1751 2622 me
1771 2562 1898 2622 charita·

144 2665 195 2709 ccr
216 2651 343 2711 hominis
368 2653 461 2712 valeat
484 2654 665 2730 impugnare.
690 2654 769 2715 lutra
795 2657 1001 2716 conscientiam
1043 2656 1225 2724 iamdicti).
1245 2678 1257 2706 ·

143 2753 238 2809 soam,
257 2739 358 2799 tratres
382 2741 556 2815 charissimi,
581 2744 784 2821 unusquisque
807 2752 933 2806 vestrum
956 2762 1001 2804 re·
1080 2741 1179 2802 Solent
1204 2749 1300 2802 autam
1324 2756 1437 2816 sponse
1457 2740 1601 2801 nobilium
1626 2739 1755 2799 diversas
1772 2739 1900 2815 pigmen

143 2828 219 2901 deat,
233 2837 260 2889 et
283 2847 323 2902 sc,
339 2832 417 2906 quod
438 2832 574 2905 dicimus,
594 2841 785 2909 recognoscat.
808 2835 890 2910 Saepe
917 2850 1001 2895 nam·
1043 2836 1138 2891 torum
1164 2831 1273 2907 species
1300 2829 1465 2890 mandendo
1488 2846 1539 2907 per
1557 2845 1607 2889 cra
1629 2828 1786 2899 revolvere,
1800 2834 1832 2887 ut
1847 2826 1901 2886 ad-

142 2933 202 2991 que
228 2920 407 2994 negligenter
429 2921 499 2997 quid
525 2920 690 2997 loquimur;
711 2924 790 2983 urrde
817 2925 998 2999 postmodum
1043 2921 1228 2980 venientibus
1248 2920 1342 2996 procis
1369 2919 1546 2991 fragrantius
1573 2917 1698 2986 valcant,
1721 2932 1755 2978 ac
1778 2917 1900 2978 suavius

142 3006 180 3065 ad
207 3007 315 3067 silentii
336 3010 425 3069 nostri
450 3007 608 3070 custodiam
632 3011 794 3082 redeuntes,
817 3017 925 3072 tantam
954 3014 1000 3071 in·
1043 3006 1178 3066 redolere.
1195 3008 1302 3066 Anima
1325 3007 1413 3066 etiam
1437 3014 1534 3065 nostra
1558 3021 1662 3080 caepas,
1677 3005 1756 3075 allia,
1771 3003 1900 3078 etquid·

141 3100 310 3172 gruentium
327 3101 533 3175 cogitationum
553 3101 713 3163 molestiam
730 3103 874 3177 patimur,
892 3110 925 3164 ut
947 3103 1032 3193 vixfl
1043 3096 1116 3170 auid
1135 3103 1258 3156 terrena
1272 3095 1434 3171 prudentie
1454 3094 1648 3154 acritudinem
1663 3093 1764 3165 fervet,
1782 3108 1899 3168 prorsus

143 3186 265 3247 tolerare
285 3189 439 3263 possimus.
460 3191 495 3250 itt
518 3192 638 3266 penitet
657 3191 776 3265 quidem
799 3191 920 3251 omnino
942 3200 1001 3252 tam
1044 3183 1213 3254 abhorream
1237 3184 1358 3245 cassiam
1384 3199 1452 3243 vcro
1476 3181 1602 3242 assiduae
1619 3182 1774 3254 orationis,
1790 3188 1897 3243 stacten

142 3281 259 3340 inmitte
281 3282 370 3340 nortia
391 3282 556 3356 protulisse,
570 3283 619 3341 sed
639 3282 800 3342 remedium
821 3299 879 3343 non
898 3301 999 3346 occur-
1044 3287 1133 3332 ⁸³⁰?ae
1159 3271 1301 3343 ¹0⁰15011i⁸t
1329 3270 1554 3345 lffllfflffiialuffl
1581 3272 1717 3331 cinnami
1741 3278 1771 3329 et
1797 3275 1900 3329 6110οω

142 3368 191 3441 rit,
210 3370 281 3444 quia
304 3369 381 3442 quod
398 3370 486 3429 semel
517 3370 657 3430 emissum
681 3378 734 3441 est,
761 3388 818 3431 non
845 3388 1001 3447 possumus
1043 3361 1223 3421 ⁰l¹0l³¹¹1enti
1237 3359 1398 3435 liliilllflllss
1415 3359 1666 3434 alo[nihilnhiler
1683 3360 1810 3430 fragrare
1828 3372 1900 3417 0⁰¹1·

142 3474 286 3519 revomre.
300 3458 389 3519 turta
404 3459 482 3534 quod
498 3459 617 3519 Flaccus
631 3461 672 3519 att
688 3480 694 3518 :
1044 3450 1152 3509 tendat.
1167 3448 1300 3509 Christus
1314 3449 1351 3508 sit
1362 3463 1450 3508 omne
1463 3448 1539 3523 quod
1557 3447 1685 3523 loquitur
1698 3464 1705 3519 ;
1719 3461 1807 3506 omne
1821 3446 1900 3519 otrod

429 3606 432 3613 ,
612 3603 617 3613 ,
745 3606 749 3613 ,
1043 3538 1221 3604 delectatur,
1249 3552 1335 3597 omne
1362 3538 1441 3613 quod
1468 3537 1557 3609 sapit,
1586 3551 1673 3596 omne
1699 3535 1777 3612 quod
1809 3535 1899 3606 vivit,

237 3602 270 3653 Ε*
286 3605 367 3655 ⁸⁰⁰¹⁰¹
384 3616 506 3653 ΨΜ
528 3604 596 3654 '⁰¹⁸¹
611 3605 778 3656 'mmm
788 3606 904 3657 versum.
1044 3627 1194 3687 Christum
1202 3627 1301 3703 spiret,
1316 3626 1464 3718 §hristum
1480 3624 1762 3699 humectantium
1776 3627 1898 3694 metuet,

179 3726 313 3798 (immas,
330 3725 494 3801 psallimus,
520 3728 568 3786 sed
590 3728 715 3788 evellam
734 3730 769 3788 (te
791 3730 877 3788 mesta
902 3738 1000 3789 nostro
1043 3716 1191 3777 Christum
1211 3732 1260 3776 ore
1283 3715 1460 3791 pronuntiet,
1492 3715 1640 3776 Christum
1663 3715 1781 3775 assidua
1804 3714 1899 3775 cerdis

142 3814 270 3873 inllxum
295 3814 388 3887 spinae
411 3813 491 3872 illius
511 3815 645 3873 aculeum
671 3829 729 3873 non
755 3817 895 3876 valemus.
917 3818 999 3877 Tunc
1043 3808 1229 3868 meditatim
1255 3815 1417 3882 helllflclel·
1444 3809 1553 3868 ΑΜΒ
1581 3808 1671 3867 illum
1700 3806 1833 3878 nesciat.
1862 3806 1898 3865 ad

142 3908 312 3961 veternosus
332 3900 423 3961 hostis
453 3918 520 3962 cum
550 3910 675 3963 mentem
707 3913 834 3964 nostram
862 3906 893 3964 iu
921 3913 999 3964 tante
1043 3899 1232 3959 huocsclam
1256 3898 1322 3959 totis
1346 3898 1690 3958 visceribusinardescat.
1706 3897 1796 3957 lllum
1816 3913 1899 3957 sum-

142 3991 251 4051 versarl
267 3990 384 4050 turbine
401 3991 549 4066 conspicit,
568 3991 659 4051 victor
683 4000 711 4051 et
733 3993 879 4053 insultans
892 3993 1000 4068 gaudet
1044 3988 1100 4048 mis
1115 3988 1251 4048 desiderii
1266 3988 1387 4047 vocibus
1402 3987 1516 4060 clamet,
1534 3986 1619 4047 illum
1634 3986 1668 4046 ad
1685 4003 1716 4045 se
1734 3986 1835 4045 venire
1848 4001 1899 4046 stt·

141 4096 184 4151 se,
198 4080 281 4155 quasi
303 4079 415 4140 tructus
439 4080 475 4139 de
496 4094 550 4139 suc
573 4079 671 4139 labore
698 4080 844 4155 colligere,
865 4097 939 4159 quos
966 4085 996 4144 in
1042 4077 1141 4152 spiriis
1158 4084 1186 4138 et
1203 4077 1311 4137 crebris
1325 4076 1483 4149 gemitibus
1501 4083 1655 4151 provocem
1675 4075 1761 4135 illum
1775 4074 1899 4135 diversis

143 4168 219 4228 male
234 4170 320 4228 leraci
335 4176 409 4229 terra
424 4170 533 4244 lingum
549 4175 655 4228 nostrae
673 4169 806 4229 meminit
820 4173 996 4246 seminasse;
1043 4169 1182 4229 adornata
1198 4168 1367 4241 virtutibus,
1384 4170 1444 4243 ipsa
1464 4168 1510 4229 sui
1525 4168 1754 4244 pulchritudine,
1770 4175 1804 4230 ut
1817 4170 1854 4229 ad
1869 4185 1900 4229 se

142 4259 173 4318 io
204 4273 262 4332 quc
289 4257 424 4317 videlicet
443 4257 517 4316 iacto
539 4257 610 4332 quid
634 4256 714 4317 aliud
742 4273 830 4333 quam
855 4260 997 4320 turdelam
1042 4259 1232 4335 ingrediatur,
1250 4258 1372 4330 invitet3
1392 4265 1536 4333 quatenus
1555 4257 1626 4319 dum
1645 4258 1682 4318 ad
1701 4273 1732 4319 sc
1754 4275 1833 4330 eum,
1850 4257 1897 4318 eui

140 4346 303 4416 imitantur,
319 4361 387 4420 quae
400 4361 437 4405 ex
453 4361 488 4404 eo
503 4344 578 4421 quod
594 4345 698 4420 digerit
711 4347 861 4406 moritur?
877 4347 920 4406 m
934 4350 998 4425 ejus
1042 4358 1154 4423 aestuat,
1169 4351 1216 4411 eui
1234 4351 1383 4422 anxiatur,
1401 4350 1449 4410 cui
1472 4349 1577 4421 inhiat,
1593 4349 1694 4408 venire
1712 4353 1896 4425 persenserit,

140 4433 251 4509 qnippe
272 4440 395 4494 stercore
415 4433 513 4509 planta
539 4433 679 4504 nascitur,
702 4436 738 4493 de
764 4437 848 4511 cuius
876 4436 997 4497 humore
1042 4439 1177 4514 protinus
1199 4437 1415 4512 gratulabunda
1437 4438 1571 4497 alacriter
1593 4437 1748 4506 exclamet,
1773 4439 1895 4497 dicens:

138 4525 238 4584 viscus
257 4525 421 4596 coniicitur,
446 4540 505 4601 quc
525 4525 709 4600 postmodum
732 4531 759 4583 et
776 4525 838 4599 ipsa
858 4527 996 4601 capiamr,
1008 4492 1054 4579 D·
1072 4528 1135 4588 Vox
1150 4527 1248 4587 dilecti
1263 4528 1318 4586 mei
1339 4527 1481 4602 pulsantis
1496 4545 1503 4585 :
1518 4527 1599 4601 aperi
1617 4542 1699 4587 soror
1712 4542 1788 4596 mea,
1803 4525 1897 4586 amica

139 4620 230 4690 atque
249 4628 287 4671 ex
306 4628 340 4671 eo
358 4611 454 4688 agitur
473 4612 550 4687 quod
567 4610 649 4687 prius
662 4613 754 4672 iuerat
768 4613 853 4673 cibus
867 4628 948 4685 suus,
965 4621 999 4674 ut
1041 4631 1127 4688 mea,
1156 4614 1343 4675 immaculata
1368 4630 1447 4686 mee;
1468 4634 1484 4669 s
1514 4630 1547 4674 ae
1577 4613 1682 4674 deinde
1711 4614 1862 4689 subjungit
1887 4636 1894 4673 r

139 4703 246 4778 etipsa
259 4704 443 4778 postmodum
460 4704 498 4763 sit
510 4704 593 4763 cibus
606 4703 730 4763 alienus.
1043 4705 1194 4766 «surrexi
1208 4706 1321 4780 aperire
1340 4704 1445 4765 diiecto
1463 4721 1537 4766 meo.
1554 4726 1570 4759 a
1590 4705 1673 4765 lielir
1691 4705 1799 4777 anima,
1813 4705 1898 4781 cuius

176 4794 219 4854 Ita
238 4810 305 4870 ergo
323 4812 391 4855 cum
409 4795 563 4855 immunda
585 4811 710 4874 quaque
726 4813 759 4857 ac
779 4812 854 4857 vana
874 4798 998 4873 proteri·
1040 4794 1203 4856 thalamum
1220 4794 1346 4855 coelestis
1359 4794 1411 4853 ille
1425 4809 1548 4871 sponsus
1566 4793 1737 4868 ingreditur,
1752 4810 1787 4853 ac
1804 4794 1896 4854 indis-

140 4898 219 4955 mus,
247 4884 317 4959 qaid
343 4883 423 4944 aliud
452 4898 541 4958 quam
571 4882 690 4959 laqueos
720 4885 934 4962 nobismetipsis
959 4886 999 4946 lo
1040 4884 1158 4946 solubili
1171 4885 1225 4944 sihi
1240 4884 1370 4959 perpetui
1382 4885 1489 4944 amoris
1502 4884 1620 4945 vinculo
1636 4884 1787 4959 otlpttltilut
1803 4907 1810 4943 ε
1828 4898 1897 4958 qum

139 4972 256 5049 quanm
278 4972 502 5051 compingimus,
517 4972 627 5049 quibus
647 4974 685 5032 ah
706 4974 808 5034 astutis
823 4975 997 5050 aucupibus,
1042 4973 1182 5034 nimirum
1197 4974 1261 5034 sine
1273 4973 1491 5034 intermissione
1513 4972 1639 5033 celebrat
1655 4972 1784 5048 nuptiale
1795 4971 1897 5032 convi-

140 5063 196 5121 hoc
213 5067 273 5133 est,
288 5059 423 5135 malignis
440 5059 607 5136 spiritibus,
625 5062 807 5137 postmodum
825 5062 999 5137 capiamur?
1040 5064 1134 5138 vium,
1149 5070 1176 5123 et
1191 5064 1370 5124 indelicienti
1389 5065 1471 5140 copia
1491 5063 1656 5124 coelestium
1675 5061 1895 5139 imitarepule·

141 5148 226 5223 Saepe
238 5155 337 5208 autem
356 5164 451 5208 sermo
472 5156 568 5208 noster
587 5163 644 5207 nou
661 5148 790 5223 loquenti
804 5149 852 5207 scd
867 5149 998 5211 audienti
1040 5168 1118 5213 rum.
1135 5150 1228 5222 Felix,
1244 5151 1378 5227 inquam,
1391 5151 1498 5222 anime,
1513 5151 1660 5227 quadum
1673 5150 1784 5210 dimne
1796 5151 1897 5226 gretia

140 5253 270 5314 pugnam
285 5242 414 5312 generat,
429 5236 468 5296 ita
488 5243 520 5297 ut
537 5237 706 5312 ccrejusio
722 5237 823 5298 odium
837 5238 929 5312 illius,
944 5241 998 5317 qui
1041 5256 1105 5301 rore
1131 5238 1325 5314 pertunditur,
1356 5238 1465 5299 caelesti
1493 5252 1561 5298 mox
1588 5238 1686 5298 sobole
1715 5237 1894 5299 fecundatur.

141 5329 285 5388 conharia
313 5327 403 5387 rerba
428 5327 604 5401 protulerat,
633 5328 820 5388 vehementer
849 5332 997 5404 accendat,
1042 5327 1090 5391 Sic
1111 5329 1253 5389 nimirum
1270 5329 1395 5389 arelacta
1418 5328 1510 5402 carui,
1528 5326 1755 5405 germinatam,
1781 5333 1896 5388 mortua

140 5424 180 5489 et,
194 5417 219 5477 si
242 5416 364 5478 facultas
386 5417 471 5490 adsit,
487 5434 547 5479 nco
570 5423 628 5478 tam
652 5418 740 5479 verba
764 5420 861 5481 verbis
879 5423 998 5486 reddere
1041 5419 1162 5491 mundo,
1177 5418 1253 5478 vivit
1265 5418 1325 5478 Deo
1345 5418 1467 5494 viventi,
1481 5425 1568 5494 aluus
1583 5417 1716 5493 regnanti
1737 5416 1768 5478 iu
1787 5417 1894 5480 meula

141 5517 232 5580 onam
259 5505 346 5566 malae
370 5506 567 5568 retributionis
586 5514 666 5584 parat
689 5507 801 5570 actibus
819 5510 999 5585 respondere.
1040 5507 1222 5571 seculorum.
1240 5507 1344 5569 haren.

146 5593 218 5655 Hac
232 5600 329 5657 auem
347 5595 379 5657 ia
400 5597 463 5673 ipsa
484 5597 636 5661 verborum
654 5598 885 5661 contabulatione
903 5601 1000 5677 parvi·

2025 3284 2039 3321 h*
