4100 6209
100 263 152 324 its
855 261 979 326 SERHO
998 262 1090 324 xiil.
1793 266 1847 327 730

99 388 251 464 prudentia
264 388 347 464 quasi
369 388 488 450 coluber
508 406 559 466 per
573 393 699 453 humum
722 392 820 467 serpit,
845 397 874 450 et
893 390 982 452 budh
993 387 1120 463 insignis
1136 395 1179 448 est
1195 395 1284 464 atque
1295 389 1480 463 eoneplcnns,
1496 389 1548 465 qui
1563 387 1689 465 quodam
1704 389 1846 474 praesagio

98 476 227 552 illucque
247 475 360 536 lubrica
374 477 512 539 sanetus
535 479 681 550 declinat3
704 479 805 540 divina
823 493 891 537 sero
907 492 954 535 sa·
994 475 1162 536 lustrorum
1189 477 1279 552 hujus
1304 476 1420 553 mystici
1448 475 1582 536 vooebuli
1603 476 1689 536 titulo
1719 477 1848 537 cernitur

98 566 206 642 pientia
221 566 258 625 de
277 559 444 626 coelenibus
457 567 579 628 intonat.
594 569 802 630 Hortusetiam
819 567 867 626 bie
882 566 953 625 sini-
993 566 1162 640 insignitus.
1183 567 1256 626 Nam
1279 582 1346 626 cum
1368 566 1475 626 dicitur
1491 565 1571 626 illius
1594 568 1797 642 suspendentis
1815 584 1848 627 a·

98 664 187 716 stram
208 655 293 715 habet
315 655 568 730 significationem.
590 659 664 718 Nam
685 657 810 719 earnalis
826 655 953 716 scientiae
993 675 1078 735 quas,
1097 660 1206 721 dicitnr
1232 660 1330 733 procul
1351 660 1441 720 dubio
1460 660 1541 720 tilius
1563 659 1626 732 Ilei,
1649 675 1706 719 non
1729 661 1847 735 quidem

98 745 213 805 ridetur
241 744 394 817 designare
430 745 590 808 lastiniam
629 745 712 808 Sicut
745 752 774 805 et
800 744 870 816 illic,
901 743 953 804 ubi
994 749 1135 834 naturalis
1149 750 1343 823 generationis
1358 764 1385 808 or
1387 763 1482 823 agrae
1502 750 1551 808 sed
1570 748 1766 823 propensioris
1781 764 1848 823 gra·

97 831 951 909 bcbabpeurtsineamNaborb=aham1b1loquitu·
993 837 1043 896 tiae
1069 837 1217 911 dignitate
1245 839 1312 897 Erat
1335 837 1415 897 enim
1445 854 1511 897 vere
1533 838 1585 898 liei
1609 838 1760 913 templum,
1788 854 1846 899 cte

98 935 184 980 neam
202 929 293 990 tuam,
302 921 457 980 attactam
473 922 547 981 ιιιιιιι
560 922 678 981 hortum
689 921 822 981 oleorum
836 923 873 993 (ll
884 925 951 992 heo.
993 925 1073 985 lestis
1097 927 1198 1001 gratiae
1223 927 1433 999 sanctuarium,
1463 943 1529 986 aron
1563 928 1689 1000 luderis,
1716 929 1847 988 taberna·

97 1010 950 1089 xxi)·=lilequ1ppernhortumconatursrneamvertere,
993 1016 1092 1076 culam
1121 1017 1290 1077 testimonii.
1316 1017 1389 1075 Nam
1415 1017 1489 1076 sicut
1513 1031 1579 1076 area
1607 1017 1657 1077 illa
1685 1017 1786 1091 legalis
1810 1033 1849 1076 cn

96 1102 148 1180 qui
164 1102 290 1176 rigorem
305 1101 422 1161 virtutis
440 1102 572 1177 incunda
591 1105 717 1161 earnalis
730 1100 875 1160 illecebras
889 1101 954 1164 ιιιιι
993 1108 1225 1182 imputribilibus
1238 1108 1327 1182 lignis
1344 1107 1435 1168 Sosim
1449 1108 1571 1183 mystica
1587 1109 1682 1169 luerat
1695 1115 1756 1168 arne
1768 1124 1847 1167 com·

95 1193 261 1252 amoenitate
285 1200 407 1251 mutare.
432 1191 468 1251 Et
490 1192 641 1252 Psalmista
666 1191 801 1267 reprobos
824 1191 953 1252 oleribus
993 1198 1095 1271 posita,
1119 1213 1191 1257 auro
1211 1213 1329 1272 unoque
1352 1198 1509 1271 purissimo
1532 1197 1744 1269 resplendebat,
1768 1197 1848 1256 intus

95 1287 251 1356 comparat,
291 1280 421 1341 dicens:
450 1304 461 1332 ι
489 1280 641 1355 Tanquam
676 1281 776 1340 lenum
817 1279 953 1342 selomtsr
993 1293 1022 1345 et
1046 1287 1229 1345 extrinsecus
1250 1287 1384 1346 inaurata
1401 1288 1500 1359 (arod.
1528 1287 1623 1358 ιιιιιι);
1652 1285 1693 1344 ita
1721 1285 1850 1344 viriste

94 1376 235 1439 arescent,
250 1374 278 1427 et
296 1368 373 1428 sicut
393 1368 472 1427 olera
494 1370 651 1430 herbarum
674 1369 730 1429 cito
745 1368 848 1429 cadent
864 1372 950 1437 (Prot.
994 1376 1147 1448 mirabilis,
1175 1377 1226 1451 qui
1255 1392 1335 1449 spem
1356 1392 1438 1436 auam
1459 1377 1490 1434 in
1516 1376 1678 1435 {eternitate
1704 1379 1848 1449 posuerat,

94 1463 249 1529 naal.»
992 1473 1021 1525 ct
1044 1467 1176 1526 exterius
1203 1466 1332 1525 radiabat
1359 1465 1508 1525 imitandae
1535 1468 1603 1524 vitae
1632 1464 1795 1539 splendore,
1822 1471 1850 1525 et

128 1549 221 1609 Terra
248 1548 348 1626 itaque
368 1548 612 1624 repromissionis,
636 1549 691 1609 hoc
714 1555 759 1609 est
778 1556 877 1611 mnata
897 1550 950 1610 lic-
992 1556 1169 1615 intrinsecus
1195 1552 1372 1629 praelueehat
1396 1553 1507 1612 divinae
1534 1552 1685 1626 sapientiae
1709 1551 1847 1612 clarimte.

92 1639 191 1711 etesia,
205 1643 234 1697 et
246 1638 282 1698 tie
295 1637 369 1700 ooelo
390 1637 506 1712 pluvias
526 1638 718 1713 prestolatur,
743 1639 812 1714 qnia
835 1639 950 1713 samsa-
994 1646 1027 1705 ln
1043 1645 1096 1704 illa
1109 1660 1225 1721 quoque
1241 1658 1307 1701 aron
1324 1648 1386 1700 erat
1401 1656 1475 1700 urna
1497 1655 1595 1712 aurea,
1615 1641 1647 1699 in
1665 1655 1724 1717 qua
1742 1655 1849 1699 manna

92 1731 141 1789 tiae
153 1727 279 1788 ooelestis
292 1729 386 1788 imbre
401 1728 598 1802 pertunditur,
613 1736 641 1787 et
660 1730 753 1789 nubes
767 1730 839 1805 eius,
856 1731 946 1789 saneti
960 1735 1170 1805 Bservabatnn
1187 1731 1294 1792 tabulae
1310 1729 1504 1790 nibilominus
1518 1729 1706 1799 Testamenti,
1726 1732 1754 1787 et
1768 1726 1850 1801 virga

92 1818 202 1877 scilicaet
224 1816 361 1888 doctores,
388 1817 424 1875 de
447 1814 556 1876 coelesti
580 1832 639 1876 uno
659 1818 738 1878 fonte
763 1818 950 1879 invisibiliter
992 1825 1100 1894 Aaron,
1120 1837 1188 1896 quae
1207 1819 1384 1880 fronduerat.
1407 1817 1484 1889 Quid
1506 1824 1550 1877 est
1573 1823 1671 1876 autem
1693 1832 1768 1876 urna
1794 1832 1850 1876 an·

93 1906 246 1976 hauriunt,
273 1903 352 1980 quod
380 1904 411 1963 in
436 1919 490 1964 nos
517 1907 703 1980 postmodum
731 1907 861 1968 suaviter
881 1924 948 1968 eru·
992 1927 1051 1979 rea,
1078 1911 1135 1970 nisi
1153 1925 1220 1969 caro
1238 1907 1345 1968 Christi
1366 1907 1486 1976 munda,
1505 1906 1607 1977 nitida,
1627 1905 1740 1964 sincera
1762 1911 1850 1981 atque

91 1994 198 2055 ctando
222 1993 441 2055 translnndnnt
462 1993 545 2054 ilnde
566 1994 726 2069 Propheta:
742 1996 947 2070 «Memoriam,
991 2001 1031 2060 ab
1049 2000 1130 2060 omni
1152 2005 1249 2059 reatus
1270 1996 1441 2071 eonugione
1462 1992 1638 2070 purissima?
1657 1993 1729 2064 Qum
1746 2007 1849 2053 recon-

92 2082 200 2157 inouit,
233 2079 421 2142 abundantiae
450 2083 601 2143 suavitatis
630 2091 688 2144 ture
713 2086 897 2158 eructabunt,
922 2093 949 2146 et
992 2091 1088 2151 ditum
1120 2090 1209 2148 habet
1235 2102 1353 2159 manna,
1379 2085 1544 2160 angelicum
1570 2083 1705 2143 videlicet
1731 2097 1849 2159 panem,

89 2174 202 2251 justitia
217 2179 268 2234 tua
282 2173 474 2234 exsultabunt
496 2178 583 2246 (Psoi.
608 2179 721 2244 οιιιιι).
736 2196 751 2230 s
766 2178 812 2235 An
837 2191 896 2248 non
914 2177 950 2236 ad
992 2179 1049 2237 hoc
1067 2184 1119 2251 est,
1142 2175 1304 2236 divinitatis
1328 2180 1446 2233 aeternas
1465 2172 1662 2232 dnlcedinem.
1688 2171 1761 2230 Dnae
1780 2185 1850 2230 vero

91 2263 178 2324 ilium
201 2263 310 2322 iontem
333 2261 451 2335 Paulus,
468 2278 573 2337 magna
592 2263 702 2323 scilicet
723 2263 827 2336 nubes,
853 2264 949 2337 rediit,
992 2267 1115 2342 lapideas
1137 2265 1244 2326 tabule
1269 2263 1469 2323 inviolabilem
1494 2262 1649 2336 utriusque
1674 2260 1850 2320 Testamenti

91 2365 171 2418 mm,
185 2363 275 2423 supra
293 2347 411 2408 tertium
434 2348 542 2409 omum
566 2356 675 2425 raptus,
689 2349 951 2426 verbaooaeloqoi
993 2356 1157 2429 signidmnt
1171 2356 1347 2414 firmitatem.
1363 2351 1439 2423 Quid
1454 2359 1553 2412 autem
1567 2353 1664 2411 Aaron
1679 2352 1771 2425 virga,
1791 2350 1848 2409 nisi

92 2453 151 2498 non
165 2437 280 2509 lioebat,
294 2436 433 2499 audivit?
451 2439 474 2511 (l
488 2441 548 2498 dor.
571 2442 612 2512 ιι.)
626 2442 672 2499 An
690 2455 749 2500 non
762 2440 798 2498 ati
814 2438 950 2500 eumdem
992 2443 1102 2503 summi
1125 2444 1246 2520 verique
1266 2441 1413 2501 Pontilicis
1432 2443 1521 2500 nostri
1541 2439 1669 2498 salutare
1692 2437 1848 2508 vexillum,

92 2529 204 2587 iontem
224 2543 358 2587 reserem
371 2533 415 2587 est
432 2527 544 2599 Petrus,
566 2542 635 2587 enm
657 2528 689 2586 in
711 2528 836 2588 extasim
855 2529 951 2589 subito
992 2540 1021 2593 et
1033 2534 1158 2592 virilitas
1172 2533 1267 2592 crucis
1278 2530 1418 2606 exprimit
1431 2527 1666 2589 sacramentum?
1679 2528 1750 2600 Quae
1762 2527 1850 2587 edam

90 2617 216 2692 rupitias,
238 2623 266 2675 et
287 2631 347 2677 non
370 2617 457 2677 modo
480 2616 596 2677 diversa
618 2618 812 2678 animantium
834 2635 949 2694 genera,
992 2621 1024 2681 in
1059 2637 1093 2681 eo
1126 2622 1205 2696 qnod
1232 2619 1411 2694 germinasse
1436 2618 1616 2694 perhibetur,
1650 2616 1850 2691 praedgurasit

90 2705 141 2765 sed
169 2711 201 2765 et
224 2706 368 2781 serpentia
393 2711 517 2765 mactare
550 2711 579 2765 et
606 2707 782 2767 manducare
805 2707 951 2782 jubetur?
992 2709 1106 2768 beatam
1124 2723 1242 2768 crucem
1261 2707 1433 2767 immortalis
1452 2705 1601 2766 memoriae
1619 2703 1765 2764 viriditate
1782 2720 1850 2764 rer·

91 2797 167 2864 (Aet.
184 2806 218 2854 x.
222 2799 231 2863 i
247 2793 283 2852 lit
303 2794 366 2853 hmo
379 2793 498 2870 quidem
520 2795 614 2855 nobes
632 2811 692 2856 non
712 2805 774 2856 erat
790 2803 951 2872 tuncaqua
995 2806 1123 2860 nantem

90 2885 246 2960 mpisntiae
265 2883 390 2960 pleniter
409 2883 539 2959 gravida,
554 2885 623 2960 quia
638 2887 805 2946 communis
818 2889 950 2948 omnium
1030 2889 1099 2948 llaec
1123 2895 1192 2948 sunt
1217 2895 1397 2948 sacramenta
1418 2886 1592 2947 universalis
1612 2842 1760 2960 Ecclesia,
1787 2886 1851 2947 baee

89 2971 165 3031 218
193 2976 326 3050 gentium
350 2974 511 3035 vocationis
536 2982 596 3034 erat
620 2976 730 3051 ignare.
756 2977 812 3038 ded
834 2979 951 3039 accessit
992 2979 1080 3037 etiam
1096 2977 1232 3036 salutans
1245 2977 1399 3036 instructio
1412 2990 1613 3050 curusunque
1633 2975 1729 3034 tidelis
1743 2976 1849 3034 animae

88 3061 126 3121 ad
151 3062 276 3133 iontem,
300 3068 329 3122 et
353 3062 449 3123 hausit
472 3062 706 3137 limpidissimam
731 3072 819 3141 atque
838 3066 980 3162 perspi-0
993 3067 1176 3126 christianas.
1199 3065 1280 3137 Quod
1301 3064 1380 3123 enim
1402 3079 1468 3123 arm
1485 3079 1537 3138 per
1552 3063 1754 3123 adumbratam
1775 3078 1850 3138 pra·

87 3165 178 3211 mam
192 3150 229 3209 de
243 3150 336 3210 salute
349 3151 482 3225 gentium
496 3151 662 3226 puritatem.
678 3151 818 3227 Nunuuid
835 3163 863 3214 et
882 3155 949 3214 bea·
994 3154 1127 3214 tendehat
1153 3154 1323 3230 imaginem,
1348 3155 1402 3213 hoc
1430 3169 1508 3213 nunc
1532 3153 1669 3227 Ecclesia,
1697 3153 1743 3212 vel
1768 3169 1851 3232 qna·

89 3247 137 3300 tus
151 3240 210 3299 iste
233 3238 465 3302 Bartholomaeus
486 3242 523 3301 de
543 3240 726 3316 plenitudine
750 3243 839 3303 fontis
862 3244 950 3319 hujus
992 3259 1051 3320 qne
1071 3259 1154 3304 mens
1168 3246 1242 3321 justi
1259 3260 1311 3318 per
1328 3244 1558 3304 effioemssimam
1575 3251 1604 3304 et
1617 3252 1746 3320 apertam
1758 3245 1852 3321 possi·

89 3331 235 3393 baustum
248 3332 486 3408 cmlestisgratiae
503 3349 563 3393 non
582 3335 720 3410 percepit,
735 3334 951 3410 quandosuper
992 3332 1228 3393 terremtatem.
1264 3335 1334 3394 Haee
1363 3330 1437 3387 214
1463 3332 1538 3391 beati
1569 3333 1690 3408 apostoli
1721 3333 1852 3408 mystica

87 3435 157 3479 um
171 3433 242 3478 enm
252 3419 423 3495 coapostolis
433 3422 642 3481 sulsomnibns
654 3422 736 3481 venit
752 3421 877 3497 Spiritus
887 3437 952 3482 san-
992 3421 1160 3481 relectionis
1179 3422 1317 3481 alimenta
1331 3420 1494 3496 portabant,
1511 3420 1574 3479 haec
1588 3427 1726 3493 anquam
1746 3435 1851 3494 panem

87 3514 155 3568 aas
176 3508 210 3566 in
230 3508 389 3582 ignitarum
415 3510 581 3570 mversitate
600 3509 791 3585 linguarum?
808 3513 881 3581 (Aet.
904 3516 951 3581 ιι.)
992 3510 1123 3585 parvulis
1133 3509 1306 3584 exponendo
1321 3509 1502 3582 lrangebant.
1515 3506 1589 3567 Nam
1599 3515 1751 3583 postquam
1765 3523 1853 3566 evan·

89 3594 215 3672 Sedqui
230 3596 437 3671 ignemaudis,
452 3614 559 3675 aquam
577 3600 698 3659 forsitan
711 3615 770 3659 non
789 3599 949 3675 intelligis?
991 3598 1102 3673 gelicns
1124 3598 1176 3658 ille
1200 3614 1295 3658 senno
1320 3596 1462 3676 prorupit,
1486 3597 1624 3678 quoniam
1652 3595 1767 3672 aperuit
1791 3594 1851 3655 illis

86 3685 171 3744 Audi
183 3685 329 3759 quomodo
344 3687 488 3748 Dominus
499 3690 635 3749 eumdem
650 3688 790 3764 Spiritum
805 3698 950 3754 sanetum,
992 3704 1123 3760 sensum,
1138 3695 1172 3747 ut
1186 3686 1382 3761 intelligerent
1398 3685 1561 3761 Scripturas
1574 3687 1648 3759 (isc.
1669 3686 1770 3762 xxiv),
1783 3699 1850 3759 pro-

85 3773 142 3846 oui
167 3774 203 3833 in
226 3775 295 3849 igne
313 3789 401 3849 super
417 3776 560 3850 apostolos
578 3777 667 3847 venit,
694 3792 800 3852 aquam
827 3777 950 3838 vocavit.
991 3776 1106 3851 phetiea
1134 3775 1252 3851 querela
1277 3773 1411 3848 comasii,
1447 3790 1507 3850 qua
1539 3775 1675 3834 dicitnr:
1699 3772 1850 3833 «Parvuli

87 3883 102 3914 ι
119 3860 154 3922 st
179 3864 258 3937 quis,
281 3863 390 3939 inquit,
414 3865 485 3935 sitit,
513 3866 610 3925 veniat
638 3866 674 3925 ad
701 3882 748 3927 me
775 3874 803 3926 et
830 3867 950 3926 bibat.»
992 3865 1140 3940 petierunt
1173 3880 1288 3940 panem,
1319 3871 1348 3923 et
1378 3880 1437 3923 non
1469 3869 1530 3923 erat
1554 3863 1606 3939 qni
1632 3863 1777 3936 frangeret
1808 3862 1851 3922 eis

84 3949 224 4026 lioxnrm
243 3951 419 4026 subjunxit:
435 3952 616 4024 oouicredit
633 3954 737 4028 inme,
754 3980 768 4004 s
790 3956 866 4017 siout
883 3956 954 4016 dicit
992 3957 1105 4024 (ιίιιιιι.
1123 3958 1176 4022 ιι).
1195 3974 1206 4004 ι
1230 3954 1287 4012 liic
1299 3960 1343 4012 est
1358 3952 1441 4028 panis
1459 3951 1511 4012 ille
1531 3950 1729 4027 quotidianus,
1750 3949 1852 4010 iratres

84 4039 827 4121 scriptura,«numinadeventreejusfluentaque
836 4048 950 4106 mnae.»
993 4043 1062 4112 mei,
1084 4057 1172 4116 quem
1196 4056 1250 4102 nos
1274 4040 1384 4101 Veritas
1408 4041 1506 4101 docuit
1524 4040 1672 4100 inhianter
1696 4047 1845 4114 expetere;

82 4128 153 4189 Hoc
174 4135 286 4201 autem,
302 4132 343 4189 ait
359 4131 544 4206 evangelista,
567 4133 644 4192 dixit
665 4133 701 4194 de
725 4134 834 4210 Spiritu
862 4152 951 4212 quem
992 4134 1048 4193 hoc
1062 4131 1186 4192 coelmtis
1198 4133 1349 4209 sapientie
1363 4131 1515 4208 pabulum,
1528 4132 1607 4205 qnod
1618 4130 1759 4191 debemus
1770 4130 1851 4207 jugi·

81 4220 238 4295 accepturi
259 4226 342 4280 erant
361 4220 510 4281 credentes
530 4221 562 4280 in
586 4238 654 4283 enm
681 4225 768 4297 (ioan.
793 4226 885 4298 vul.»
911 4225 952 4285 Dc
993 4222 1173 4283 teresnrire.
1220 4247 1224 4255 ¹

79 4310 201 4385 quibus
222 4309 410 4370 credentibus
431 4326 483 4386 per
503 4309 676 4386 Propbetam
698 4313 806 4374 dieitur
827 4333 833 4372 :
860 4336 871 4366 ι
887 4314 951 4375 lne-
1029 4313 1192 4373 Audiamus
1207 4314 1304 4390 itaque
1317 4330 1412 4389 peros
1427 4311 1592 4374 Salomonis
1607 4309 1784 4388 Sapientiam
1797 4326 1851 4370 nos

80 4398 269 4458 briabnntur
304 4398 342 4458 ab
378 4399 509 4458 ubertate
526 4399 639 4459 domus
670 4406 739 4471 tnta,
770 4409 799 4461 et
823 4407 951 4461 torrente
994 4404 1031 4462 ad
1052 4417 1183 4461 menum
1207 4403 1367 4476 spiritualis
1389 4403 1537 4463 alimoniae
1557 4402 1643 4461 claris
1662 4401 1783 4460 vocibus
1804 4400 1851 4459 in-

77 4487 249 4562 voluptatis
274 4493 334 4548 ture
360 4487 472 4563 potabis
498 4503 556 4560 eos,
582 4489 719 4564 qnoniam
749 4490 826 4564 apud
857 4497 883 4548 te
909 4497 953 4549 est
996 4493 1162 4552 vitantem:
1187 4491 1370 4566 «sapientia,
1402 4492 1508 4568 inquit,
1533 4489 1697 4549 immolavit
1719 4489 1852 4548 victimas

80 4577 157 4637 tons
172 4577 340 4648 vitesiProt.
360 4583 473 4647 xxxv).
489 4600 504 4630 ι
525 4578 693 4654 Philosophi
709 4578 810 4639 dicunt
825 4579 950 4654 spatium
995 4596 1073 4650 suas,
1102 4580 1220 4640 miscuit
1244 4581 1349 4639 vinum
1372 4587 1401 4640 et
1422 4579 1571 4654 proposuit
1592 4591 1723 4637 mensam
1745 4591 1848 4649 suam3

75 4669 399 4729 aereaecrassitudinis
415 4663 616 4743 nodamphus
631 4683 720 4745 quam
739 4668 837 4728 decem
852 4669 953 4729 stadiis
996 4668 1075 4728 misit
1100 4668 1221 4728 ancillas
1251 4685 1328 4740 suas,
1355 4674 1388 4728 ut
1411 4674 1546 4728 vocarent
1569 4667 1605 4725 ad
1628 4678 1734 4733 arcem,
1760 4668 1789 4723 et
1814 4664 1850 4723 ad

75 4774 95 4816 a
119 4761 209 4817 terra
228 4758 365 4831 distendi,
389 4775 457 4834 qum
480 4757 565 4818 nobis
583 4758 740 4834 aliquando
762 4759 831 4819 solis
853 4759 951 4834 splen·
995 4758 1104 4817 maenia
1117 4756 1261 4817 civitatis:
1275 4756 1300 4816 si
1317 4757 1385 4833 quis
1399 4754 1605 4834 estparvulos,
1619 4754 1765 4814 seniatad
1783 4769 1848 4824 me;

73 4849 195 4911 dorem
219 4849 363 4909 subtrahit
385 4855 413 4908 et
437 4848 553 4924 pluvias
582 4849 688 4909 htndit.
718 4848 786 4908 Istae
810 4864 888 4922 vero,
917 4848 953 4909 dc
998 4847 1104 4919 venite
1132 4847 1274 4905 comedite
1304 4861 1408 4921 panem
1437 4862 1546 4915 meum,
1573 4850 1602 4903 et
1628 4842 1720 4903 bibite
1747 4842 1849 4903 vinum

72 4939 205 5016 quibus
226 4953 306 4999 nono
327 4938 484 5013 loquimar,
506 4939 601 5000 nubes
622 4937 760 4998 caelorum
781 4939 857 5000 celsa
878 4947 953 4997 tran·
996 4937 1073 5012 qood
1093 4937 1200 4997 miseni
1222 4936 1303 4996 robis
1319 4939 1407 5010 (Ρνου.
1431 4939 1515 5008 ml.»
1535 4934 1666 4993 Christus
1687 4931 1778 5004 enim,
1798 4932 1850 5006 qui

72 5027 248 5097 scendunt,
271 5035 300 5087 et
322 5028 422 5088 lumen
450 5028 510 5088 veri
537 5026 614 5090 Solis
639 5042 699 5087 non
724 5029 872 5098 unierunt,
903 5028 953 5086 sed
996 5030 1137 5105 sapientia
1165 5028 1258 5088 Patris
1284 5035 1336 5098 est,
1366 5027 1498 5087 victimas
1524 5024 1695 5094 immolavit,
1719 5037 1787 5083 cnm
1814 5021 1850 5081 ad

72 5117 261 5180 ostendunt
283 5115 324 5177 De
344 5115 452 5194 quibus
472 5117 560 5177 etiam
579 5116 641 5177 salt
654 5115 812 5177 dumorum
836 5117 954 5176 nomine
997 5126 1103 5179 nostrae
1120 5118 1290 5178 imitationis
1303 5117 1472 5191 exemplum
1490 5116 1587 5175 beatos
1604 5121 1745 5190 martyres
1758 5110 1849 5171 occidi

71 5225 136 5286 per
171 5205 360 5267 Salomonem
385 5205 492 5266 dicitur
508 5224 515 5263 :
533 5204 667 5266 «Omnia
697 5204 822 5264 humina
844 5204 954 5263 intrant
996 5208 1138 5284 permisit.
1160 5207 1276 5266 hiiscult
1292 5207 1407 5280 vinum,
1427 5206 1498 5284 qnia
1517 5204 1682 5281 propinavit
1706 5200 1849 5261 credenti-

71 5301 109 5358 ιιι
143 5311 244 5368 mare,
270 5303 299 5354 et
321 5311 400 5355 mare
424 5309 483 5354 non
502 5294 665 5365 redundat;
692 5294 728 5352 ad
752 5292 850 5356 locum
877 5292 954 5351 rrnde
998 5299 1053 5357 bus
1082 5295 1223 5370 Spiritum
1253 5302 1397 5354 sanctum.
1427 5293 1579 5371 Proposuit
1608 5305 1749 5363 manem,
1780 5290 1850 5365 quia

70 5393 215 5458 exeunt,
255 5384 382 5446 llnmina
417 5387 612 5457 revertuntur,
653 5390 686 5443 nt
723 5382 831 5442 iterum
862 5379 955 5455 dnant
997 5386 1143 5445 coelestem
1160 5384 1269 5456 paravit
1287 5382 1456 5443 bominibus
1473 5382 1606 5457 gloriam.
1632 5379 1709 5440 biisit
1729 5379 1851 5439 ancillas

70 5480 197 5554 (Beck.
212 5481 245 5547 ι).
261 5500 275 5526 1·
355 5523 360 5546 ,
997 5488 1077 5545 suas,
1103 5472 1133 5530 id
1164 5476 1216 5543 est,
1239 5478 1352 5530 sanctos
1384 5470 1468 5531 Verbi
1495 5471 1653 5543 ministros,
1677 5469 1728 5546 qni
1751 5485 1783 5530 se
1802 5468 1850 5528 in-

110 5570 212 5636 inter
236 5581 311 5642 quos
338 5566 441 5643 utique
459 5565 566 5628 nudos
592 5564 694 5627 beatus
720 5560 953 5624 bartholomeus
998 5563 1098 5622 lirmos
1120 5567 1149 5621 et
1167 5559 1283 5636 tragilm
1296 5566 1471 5622 merserant.
1493 5558 1569 5634 Quid
1588 5575 1657 5636 ergo
1673 5561 1734 5639 jam
1752 5564 1849 5633 restat,
